%YAML 1.1
%TAG !u! tag:unity3d.com,2011:
--- !u!1 &3515289934150759140
GameObject:
  m_ObjectHideFlags: 0
  m_CorrespondingSourceObject: {fileID: 0}
  m_PrefabInstance: {fileID: 0}
  m_PrefabAsset: {fileID: 0}
  serializedVersion: 6
  m_Component:
  - component: {fileID: 3213239914156194610}
  - component: {fileID: 169826244385581283}
  m_Layer: 12
  m_Name: Edge_1
  m_TagString: Untagged
  m_Icon: {fileID: 0}
  m_NavMeshLayer: 0
  m_StaticEditorFlags: 0
  m_IsActive: 1
--- !u!4 &3213239914156194610
Transform:
  m_ObjectHideFlags: 0
  m_CorrespondingSourceObject: {fileID: 0}
  m_PrefabInstance: {fileID: 0}
  m_PrefabAsset: {fileID: 0}
  m_GameObject: {fileID: 3515289934150759140}
  m_LocalRotation: {x: 0, y: 0, z: 0, w: 1}
  m_LocalPosition: {x: 0, y: 0, z: 0}
  m_LocalScale: {x: 1, y: 1, z: 1}
  m_ConstrainProportionsScale: 0
  m_Children:
  - {fileID: 6649808611015697452}
  - {fileID: 8545976327912154847}
  - {fileID: 1241663353304805379}
  - {fileID: 7735750558886035265}
  m_Father: {fileID: 7828054862848798630}
  m_RootOrder: 0
  m_LocalEulerAnglesHint: {x: 0, y: 0, z: 0}
--- !u!114 &169826244385581283
MonoBehaviour:
  m_ObjectHideFlags: 0
  m_CorrespondingSourceObject: {fileID: 0}
  m_PrefabInstance: {fileID: 0}
  m_PrefabAsset: {fileID: 0}
  m_GameObject: {fileID: 3515289934150759140}
  m_Enabled: 1
  m_EditorHideFlags: 0
  m_Script: {fileID: 11500000, guid: 20a8c0ffd23bc3243b3f42ce6d01ba77, type: 3}
  m_Name: 
  m_EditorClassIdentifier: 
  isRound: 1
  isMaster: 0
  edges:
  - pointA: {fileID: 6649808611015697452}
    pointB: {fileID: 8545976327912154847}
  - pointA: {fileID: 8545976327912154847}
    pointB: {fileID: 1241663353304805379}
  - pointA: {fileID: 1241663353304805379}
    pointB: {fileID: 7735750558886035265}
  - pointA: {fileID: 7735750558886035265}
    pointB: {fileID: 6649808611015697452}
--- !u!1 &6918523002132711833
GameObject:
  m_ObjectHideFlags: 0
  m_CorrespondingSourceObject: {fileID: 0}
  m_PrefabInstance: {fileID: 0}
  m_PrefabAsset: {fileID: 0}
  serializedVersion: 6
  m_Component:
  - component: {fileID: 7828054862848798630}
  - component: {fileID: 7077515210923458268}
  - component: {fileID: 1688704693425181405}
  - component: {fileID: 9026871946079812991}
  - component: {fileID: 2466966230923287672}
  m_Layer: 12
  m_Name: House_CN_LOD
  m_TagString: Untagged
  m_Icon: {fileID: 0}
  m_NavMeshLayer: 0
  m_StaticEditorFlags: 5
  m_IsActive: 1
--- !u!4 &7828054862848798630
Transform:
  m_ObjectHideFlags: 0
  m_CorrespondingSourceObject: {fileID: 0}
  m_PrefabInstance: {fileID: 0}
  m_PrefabAsset: {fileID: 0}
  m_GameObject: {fileID: 6918523002132711833}
  m_LocalRotation: {x: -0, y: -0, z: -0, w: 1}
  m_LocalPosition: {x: 0, y: 0, z: 0}
  m_LocalScale: {x: 0.9999, y: 0.9999, z: 0.9999}
  m_ConstrainProportionsScale: 0
  m_Children:
  - {fileID: 3213239914156194610}
  - {fileID: 2838036564303105212}
  m_Father: {fileID: 4632714053071923385}
  m_RootOrder: 1
  m_LocalEulerAnglesHint: {x: 0, y: 0, z: 0}
--- !u!33 &7077515210923458268
MeshFilter:
  m_ObjectHideFlags: 0
  m_CorrespondingSourceObject: {fileID: 0}
  m_PrefabInstance: {fileID: 0}
  m_PrefabAsset: {fileID: 0}
  m_GameObject: {fileID: 6918523002132711833}
  m_Mesh: {fileID: 7614034706937481056, guid: 33ea1b342a51c154c8eadd22fcc5bae5, type: 3}
--- !u!23 &1688704693425181405
MeshRenderer:
  m_ObjectHideFlags: 0
  m_CorrespondingSourceObject: {fileID: 0}
  m_PrefabInstance: {fileID: 0}
  m_PrefabAsset: {fileID: 0}
  m_GameObject: {fileID: 6918523002132711833}
  m_Enabled: 1
  m_CastShadows: 1
  m_ReceiveShadows: 1
  m_DynamicOccludee: 1
  m_StaticShadowCaster: 0
  m_MotionVectors: 1
  m_LightProbeUsage: 0
  m_ReflectionProbeUsage: 0
  m_RayTracingMode: 2
  m_RayTraceProcedural: 0
  m_RenderingLayerMask: 1
  m_RendererPriority: 0
  m_Materials:
  - {fileID: 2100000, guid: 426c2cbfd7ee50b44ac414619f440fe1, type: 2}
  m_StaticBatchInfo:
    firstSubMesh: 0
    subMeshCount: 0
  m_StaticBatchRoot: {fileID: 0}
  m_ProbeAnchor: {fileID: 0}
  m_LightProbeVolumeOverride: {fileID: 0}
  m_ScaleInLightmap: 1
  m_ReceiveGI: 1
  m_PreserveUVs: 0
  m_IgnoreNormalsForChartDetection: 0
  m_ImportantGI: 0
  m_StitchLightmapSeams: 1
  m_SelectedEditorRenderState: 3
  m_MinimumChartSize: 4
  m_AutoUVMaxDistance: 0.5
  m_AutoUVMaxAngle: 89
  m_LightmapParameters: {fileID: 0}
  m_SortingLayerID: 0
  m_SortingLayer: 0
  m_SortingOrder: 0
  m_AdditionalVertexStreams: {fileID: 0}
--- !u!64 &9026871946079812991
MeshCollider:
  m_ObjectHideFlags: 0
  m_CorrespondingSourceObject: {fileID: 0}
  m_PrefabInstance: {fileID: 0}
  m_PrefabAsset: {fileID: 0}
  m_GameObject: {fileID: 6918523002132711833}
  m_Material: {fileID: 0}
  m_IsTrigger: 0
  m_Enabled: 1
  serializedVersion: 4
  m_Convex: 0
  m_CookingOptions: 30
  m_Mesh: {fileID: 7614034706937481056, guid: 33ea1b342a51c154c8eadd22fcc5bae5, type: 3}
--- !u!114 &2466966230923287672
MonoBehaviour:
  m_ObjectHideFlags: 0
  m_CorrespondingSourceObject: {fileID: 0}
  m_PrefabInstance: {fileID: 0}
  m_PrefabAsset: {fileID: 0}
  m_GameObject: {fileID: 6918523002132711833}
  m_Enabled: 1
  m_EditorHideFlags: 0
  m_Script: {fileID: 11500000, guid: 20a8c0ffd23bc3243b3f42ce6d01ba77, type: 3}
  m_Name: 
  m_EditorClassIdentifier: 
  isRound: 1
  isMaster: 1
  edges:
  - pointA: {fileID: 6649808611015697452}
    pointB: {fileID: 8545976327912154847}
  - pointA: {fileID: 8545976327912154847}
    pointB: {fileID: 1241663353304805379}
  - pointA: {fileID: 1241663353304805379}
    pointB: {fileID: 7735750558886035265}
  - pointA: {fileID: 7735750558886035265}
    pointB: {fileID: 6649808611015697452}
  - pointA: {fileID: 2829641468065030857}
    pointB: {fileID: 6287724277159491979}
  - pointA: {fileID: 6287724277159491979}
    pointB: {fileID: 3999322106059193987}
  - pointA: {fileID: 3999322106059193987}
    pointB: {fileID: 2619255191672921311}
  - pointA: {fileID: 2619255191672921311}
    pointB: {fileID: 8280364302467732972}
--- !u!1 &8385135982483684147
GameObject:
  m_ObjectHideFlags: 0
  m_CorrespondingSourceObject: {fileID: 0}
  m_PrefabInstance: {fileID: 0}
  m_PrefabAsset: {fileID: 0}
  serializedVersion: 6
  m_Component:
  - component: {fileID: 4632714053071923385}
  - component: {fileID: 8201338709073536692}
  m_Layer: 12
  m_Name: House_CN
  m_TagString: Untagged
  m_Icon: {fileID: 0}
  m_NavMeshLayer: 0
  m_StaticEditorFlags: 5
  m_IsActive: 1
--- !u!4 &4632714053071923385
Transform:
  m_ObjectHideFlags: 0
  m_CorrespondingSourceObject: {fileID: 0}
  m_PrefabInstance: {fileID: 0}
  m_PrefabAsset: {fileID: 0}
  m_GameObject: {fileID: 8385135982483684147}
  m_LocalRotation: {x: 0, y: 0, z: 0, w: 1}
  m_LocalPosition: {x: 0, y: 0, z: 0}
  m_LocalScale: {x: 1, y: 1, z: 1}
  m_ConstrainProportionsScale: 0
  m_Children:
  - {fileID: 245135849820853832}
  - {fileID: 7828054862848798630}
  m_Father: {fileID: 0}
  m_RootOrder: 0
  m_LocalEulerAnglesHint: {x: 0, y: 0, z: 0}
--- !u!205 &8201338709073536692
LODGroup:
  m_ObjectHideFlags: 0
  m_CorrespondingSourceObject: {fileID: 0}
  m_PrefabInstance: {fileID: 0}
  m_PrefabAsset: {fileID: 0}
  m_GameObject: {fileID: 8385135982483684147}
  serializedVersion: 2
  m_LocalReferencePoint: {x: 0.492321, y: 34.904507, z: 0.13044739}
  m_Size: 71.23795
  m_FadeMode: 0
  m_AnimateCrossFading: 0
  m_LastLODIsBillboard: 0
  m_LODs:
  - screenRelativeHeight: 0.2
    fadeTransitionWidth: 0.5
    renderers:
    - renderer: {fileID: 5764518462914650514}
  - screenRelativeHeight: 0.02
    fadeTransitionWidth: 0.1
    renderers:
    - renderer: {fileID: 1688704693425181405}
  m_Enabled: 1
--- !u!1 &8636888825531954842
GameObject:
  m_ObjectHideFlags: 0
  m_CorrespondingSourceObject: {fileID: 0}
  m_PrefabInstance: {fileID: 0}
  m_PrefabAsset: {fileID: 0}
  serializedVersion: 6
  m_Component:
  - component: {fileID: 245135849820853832}
  - component: {fileID: 7514720628061953877}
  - component: {fileID: 5764518462914650514}
  m_Layer: 12
  m_Name: House_CN
  m_TagString: Untagged
  m_Icon: {fileID: 0}
  m_NavMeshLayer: 0
  m_StaticEditorFlags: 5
  m_IsActive: 1
--- !u!4 &245135849820853832
Transform:
  m_ObjectHideFlags: 0
  m_CorrespondingSourceObject: {fileID: 0}
  m_PrefabInstance: {fileID: 0}
  m_PrefabAsset: {fileID: 0}
  m_GameObject: {fileID: 8636888825531954842}
  m_LocalRotation: {x: -0, y: -0, z: -0, w: 1}
  m_LocalPosition: {x: 0, y: 0, z: 0}
  m_LocalScale: {x: 1, y: 1, z: 1}
  m_ConstrainProportionsScale: 0
  m_Children: []
  m_Father: {fileID: 4632714053071923385}
  m_RootOrder: 0
  m_LocalEulerAnglesHint: {x: 0, y: 0, z: 0}
--- !u!33 &7514720628061953877
MeshFilter:
  m_ObjectHideFlags: 0
  m_CorrespondingSourceObject: {fileID: 0}
  m_PrefabInstance: {fileID: 0}
  m_PrefabAsset: {fileID: 0}
  m_GameObject: {fileID: 8636888825531954842}
  m_Mesh: {fileID: -3714039523272353650, guid: 33ea1b342a51c154c8eadd22fcc5bae5, type: 3}
--- !u!23 &5764518462914650514
MeshRenderer:
  m_ObjectHideFlags: 0
  m_CorrespondingSourceObject: {fileID: 0}
  m_PrefabInstance: {fileID: 0}
  m_PrefabAsset: {fileID: 0}
  m_GameObject: {fileID: 8636888825531954842}
  m_Enabled: 1
  m_CastShadows: 1
  m_ReceiveShadows: 1
  m_DynamicOccludee: 1
  m_StaticShadowCaster: 0
  m_MotionVectors: 1
  m_LightProbeUsage: 0
  m_ReflectionProbeUsage: 0
  m_RayTracingMode: 2
  m_RayTraceProcedural: 0
  m_RenderingLayerMask: 1
  m_RendererPriority: 0
  m_Materials:
  - {fileID: 2100000, guid: b62b46d8b5a1a2648b37a91dea5613f3, type: 2}
  - {fileID: 2100000, guid: 102de4a8dab625c4095e70482f8de85c, type: 2}
  - {fileID: 2100000, guid: 54a5c2c30ab7aea4f94c2c129fb8d038, type: 2}
  m_StaticBatchInfo:
    firstSubMesh: 0
    subMeshCount: 0
  m_StaticBatchRoot: {fileID: 0}
  m_ProbeAnchor: {fileID: 0}
  m_LightProbeVolumeOverride: {fileID: 0}
  m_ScaleInLightmap: 1
  m_ReceiveGI: 1
  m_PreserveUVs: 0
  m_IgnoreNormalsForChartDetection: 0
  m_ImportantGI: 0
  m_StitchLightmapSeams: 1
  m_SelectedEditorRenderState: 3
  m_MinimumChartSize: 4
  m_AutoUVMaxDistance: 0.5
  m_AutoUVMaxAngle: 89
  m_LightmapParameters: {fileID: 0}
  m_SortingLayerID: 0
  m_SortingLayer: 0
  m_SortingOrder: 0
  m_AdditionalVertexStreams: {fileID: 0}
--- !u!1 &8943203949611602297
GameObject:
  m_ObjectHideFlags: 0
  m_CorrespondingSourceObject: {fileID: 0}
  m_PrefabInstance: {fileID: 0}
  m_PrefabAsset: {fileID: 0}
  serializedVersion: 6
  m_Component:
  - component: {fileID: 2838036564303105212}
  - component: {fileID: 7204095846107931039}
  m_Layer: 12
  m_Name: Edge_2
  m_TagString: Untagged
  m_Icon: {fileID: 0}
  m_NavMeshLayer: 0
  m_StaticEditorFlags: 0
  m_IsActive: 1
--- !u!4 &2838036564303105212
Transform:
  m_ObjectHideFlags: 0
  m_CorrespondingSourceObject: {fileID: 0}
  m_PrefabInstance: {fileID: 0}
  m_PrefabAsset: {fileID: 0}
  m_GameObject: {fileID: 8943203949611602297}
  m_LocalRotation: {x: 0, y: 0, z: 0, w: 1}
  m_LocalPosition: {x: 0, y: 0, z: 0}
  m_LocalScale: {x: 1, y: 1, z: 1}
  m_ConstrainProportionsScale: 0
  m_Children:
  - {fileID: 2829641468065030857}
  - {fileID: 6287724277159491979}
  - {fileID: 3999322106059193987}
  - {fileID: 2619255191672921311}
  - {fileID: 8280364302467732972}
  m_Father: {fileID: 7828054862848798630}
  m_RootOrder: 1
  m_LocalEulerAnglesHint: {x: 0, y: 0, z: 0}
--- !u!114 &7204095846107931039
MonoBehaviour:
  m_ObjectHideFlags: 0
  m_CorrespondingSourceObject: {fileID: 0}
  m_PrefabInstance: {fileID: 0}
  m_PrefabAsset: {fileID: 0}
  m_GameObject: {fileID: 8943203949611602297}
  m_Enabled: 1
  m_EditorHideFlags: 0
  m_Script: {fileID: 11500000, guid: 20a8c0ffd23bc3243b3f42ce6d01ba77, type: 3}
  m_Name: 
  m_EditorClassIdentifier: 
  isRound: 0
  isMaster: 0
  edges:
  - pointA: {fileID: 2829641468065030857}
    pointB: {fileID: 6287724277159491979}
  - pointA: {fileID: 6287724277159491979}
    pointB: {fileID: 3999322106059193987}
  - pointA: {fileID: 3999322106059193987}
    pointB: {fileID: 2619255191672921311}
  - pointA: {fileID: 2619255191672921311}
    pointB: {fileID: 8280364302467732972}
--- !u!1001 &479653183526919489
PrefabInstance:
  m_ObjectHideFlags: 0
  serializedVersion: 2
  m_Modification:
    m_TransformParent: {fileID: 3213239914156194610}
    m_Modifications:
    - target: {fileID: 1698794095551163714, guid: e813b0abce04d46449124a8f0d3eabb0, type: 3}
      propertyPath: m_RootOrder
      value: 2
      objectReference: {fileID: 0}
    - target: {fileID: 1698794095551163714, guid: e813b0abce04d46449124a8f0d3eabb0, type: 3}
      propertyPath: m_LocalScale.x
      value: 1.0001
      objectReference: {fileID: 0}
    - target: {fileID: 1698794095551163714, guid: e813b0abce04d46449124a8f0d3eabb0, type: 3}
      propertyPath: m_LocalScale.y
      value: 1.0001
      objectReference: {fileID: 0}
    - target: {fileID: 1698794095551163714, guid: e813b0abce04d46449124a8f0d3eabb0, type: 3}
      propertyPath: m_LocalScale.z
      value: 1.0001
      objectReference: {fileID: 0}
    - target: {fileID: 1698794095551163714, guid: e813b0abce04d46449124a8f0d3eabb0, type: 3}
      propertyPath: m_LocalPosition.x
      value: -15.5
      objectReference: {fileID: 0}
    - target: {fileID: 1698794095551163714, guid: e813b0abce04d46449124a8f0d3eabb0, type: 3}
      propertyPath: m_LocalPosition.y
      value: 69.89435
      objectReference: {fileID: 0}
    - target: {fileID: 1698794095551163714, guid: e813b0abce04d46449124a8f0d3eabb0, type: 3}
      propertyPath: m_LocalPosition.z
      value: -18.7
      objectReference: {fileID: 0}
    - target: {fileID: 1698794095551163714, guid: e813b0abce04d46449124a8f0d3eabb0, type: 3}
      propertyPath: m_LocalRotation.w
      value: 1
      objectReference: {fileID: 0}
    - target: {fileID: 1698794095551163714, guid: e813b0abce04d46449124a8f0d3eabb0, type: 3}
      propertyPath: m_LocalRotation.x
      value: -0
      objectReference: {fileID: 0}
    - target: {fileID: 1698794095551163714, guid: e813b0abce04d46449124a8f0d3eabb0, type: 3}
      propertyPath: m_LocalRotation.y
      value: -0
      objectReference: {fileID: 0}
    - target: {fileID: 1698794095551163714, guid: e813b0abce04d46449124a8f0d3eabb0, type: 3}
      propertyPath: m_LocalRotation.z
      value: -0
      objectReference: {fileID: 0}
    - target: {fileID: 1698794095551163714, guid: e813b0abce04d46449124a8f0d3eabb0, type: 3}
      propertyPath: m_LocalEulerAnglesHint.x
      value: 0
      objectReference: {fileID: 0}
    - target: {fileID: 1698794095551163714, guid: e813b0abce04d46449124a8f0d3eabb0, type: 3}
      propertyPath: m_LocalEulerAnglesHint.y
      value: 0
      objectReference: {fileID: 0}
    - target: {fileID: 1698794095551163714, guid: e813b0abce04d46449124a8f0d3eabb0, type: 3}
      propertyPath: m_LocalEulerAnglesHint.z
      value: 0
      objectReference: {fileID: 0}
    - target: {fileID: 1698794095551163715, guid: e813b0abce04d46449124a8f0d3eabb0, type: 3}
      propertyPath: m_Name
      value: ZipEdgePoint (2)
      objectReference: {fileID: 0}
    m_RemovedComponents: []
  m_SourcePrefab: {fileID: 100100000, guid: e813b0abce04d46449124a8f0d3eabb0, type: 3}
--- !u!4 &1241663353304805379 stripped
Transform:
  m_CorrespondingSourceObject: {fileID: 1698794095551163714, guid: e813b0abce04d46449124a8f0d3eabb0, type: 3}
  m_PrefabInstance: {fileID: 479653183526919489}
  m_PrefabAsset: {fileID: 0}
--- !u!1001 &2311233358826165185
PrefabInstance:
  m_ObjectHideFlags: 0
  serializedVersion: 2
  m_Modification:
    m_TransformParent: {fileID: 2838036564303105212}
    m_Modifications:
    - target: {fileID: 1698794095551163714, guid: e813b0abce04d46449124a8f0d3eabb0, type: 3}
      propertyPath: m_RootOrder
      value: 2
      objectReference: {fileID: 0}
    - target: {fileID: 1698794095551163714, guid: e813b0abce04d46449124a8f0d3eabb0, type: 3}
      propertyPath: m_LocalScale.x
      value: 1.0001
      objectReference: {fileID: 0}
    - target: {fileID: 1698794095551163714, guid: e813b0abce04d46449124a8f0d3eabb0, type: 3}
      propertyPath: m_LocalScale.y
      value: 1.0001
      objectReference: {fileID: 0}
    - target: {fileID: 1698794095551163714, guid: e813b0abce04d46449124a8f0d3eabb0, type: 3}
      propertyPath: m_LocalScale.z
      value: 1.0001
      objectReference: {fileID: 0}
    - target: {fileID: 1698794095551163714, guid: e813b0abce04d46449124a8f0d3eabb0, type: 3}
      propertyPath: m_LocalPosition.x
      value: 17
      objectReference: {fileID: 0}
    - target: {fileID: 1698794095551163714, guid: e813b0abce04d46449124a8f0d3eabb0, type: 3}
      propertyPath: m_LocalPosition.y
      value: 46.260426
      objectReference: {fileID: 0}
    - target: {fileID: 1698794095551163714, guid: e813b0abce04d46449124a8f0d3eabb0, type: 3}
      propertyPath: m_LocalPosition.z
      value: -35
      objectReference: {fileID: 0}
    - target: {fileID: 1698794095551163714, guid: e813b0abce04d46449124a8f0d3eabb0, type: 3}
      propertyPath: m_LocalRotation.w
      value: 1
      objectReference: {fileID: 0}
    - target: {fileID: 1698794095551163714, guid: e813b0abce04d46449124a8f0d3eabb0, type: 3}
      propertyPath: m_LocalRotation.x
      value: -0
      objectReference: {fileID: 0}
    - target: {fileID: 1698794095551163714, guid: e813b0abce04d46449124a8f0d3eabb0, type: 3}
      propertyPath: m_LocalRotation.y
      value: -0
      objectReference: {fileID: 0}
    - target: {fileID: 1698794095551163714, guid: e813b0abce04d46449124a8f0d3eabb0, type: 3}
      propertyPath: m_LocalRotation.z
      value: -0
      objectReference: {fileID: 0}
    - target: {fileID: 1698794095551163714, guid: e813b0abce04d46449124a8f0d3eabb0, type: 3}
      propertyPath: m_LocalEulerAnglesHint.x
      value: 0
      objectReference: {fileID: 0}
    - target: {fileID: 1698794095551163714, guid: e813b0abce04d46449124a8f0d3eabb0, type: 3}
      propertyPath: m_LocalEulerAnglesHint.y
      value: 0
      objectReference: {fileID: 0}
    - target: {fileID: 1698794095551163714, guid: e813b0abce04d46449124a8f0d3eabb0, type: 3}
      propertyPath: m_LocalEulerAnglesHint.z
      value: 0
      objectReference: {fileID: 0}
    - target: {fileID: 1698794095551163715, guid: e813b0abce04d46449124a8f0d3eabb0, type: 3}
      propertyPath: m_Name
      value: ZipEdgePoint (2)
      objectReference: {fileID: 0}
    m_RemovedComponents: []
  m_SourcePrefab: {fileID: 100100000, guid: e813b0abce04d46449124a8f0d3eabb0, type: 3}
--- !u!4 &3999322106059193987 stripped
Transform:
  m_CorrespondingSourceObject: {fileID: 1698794095551163714, guid: e813b0abce04d46449124a8f0d3eabb0, type: 3}
  m_PrefabInstance: {fileID: 2311233358826165185}
  m_PrefabAsset: {fileID: 0}
--- !u!1001 &3519479369315684235
PrefabInstance:
  m_ObjectHideFlags: 0
  serializedVersion: 2
  m_Modification:
    m_TransformParent: {fileID: 2838036564303105212}
    m_Modifications:
    - target: {fileID: 1698794095551163714, guid: e813b0abce04d46449124a8f0d3eabb0, type: 3}
      propertyPath: m_RootOrder
      value: 0
      objectReference: {fileID: 0}
    - target: {fileID: 1698794095551163714, guid: e813b0abce04d46449124a8f0d3eabb0, type: 3}
      propertyPath: m_LocalScale.x
      value: 1.0001
      objectReference: {fileID: 0}
    - target: {fileID: 1698794095551163714, guid: e813b0abce04d46449124a8f0d3eabb0, type: 3}
      propertyPath: m_LocalScale.y
      value: 1.0001
      objectReference: {fileID: 0}
    - target: {fileID: 1698794095551163714, guid: e813b0abce04d46449124a8f0d3eabb0, type: 3}
      propertyPath: m_LocalScale.z
      value: 1.0001
      objectReference: {fileID: 0}
    - target: {fileID: 1698794095551163714, guid: e813b0abce04d46449124a8f0d3eabb0, type: 3}
      propertyPath: m_LocalPosition.x
      value: 2.3056371
      objectReference: {fileID: 0}
    - target: {fileID: 1698794095551163714, guid: e813b0abce04d46449124a8f0d3eabb0, type: 3}
      propertyPath: m_LocalPosition.y
      value: 46.260426
      objectReference: {fileID: 0}
    - target: {fileID: 1698794095551163714, guid: e813b0abce04d46449124a8f0d3eabb0, type: 3}
      propertyPath: m_LocalPosition.z
      value: -19.053236
      objectReference: {fileID: 0}
    - target: {fileID: 1698794095551163714, guid: e813b0abce04d46449124a8f0d3eabb0, type: 3}
      propertyPath: m_LocalRotation.w
      value: 1
      objectReference: {fileID: 0}
    - target: {fileID: 1698794095551163714, guid: e813b0abce04d46449124a8f0d3eabb0, type: 3}
      propertyPath: m_LocalRotation.x
      value: -0
      objectReference: {fileID: 0}
    - target: {fileID: 1698794095551163714, guid: e813b0abce04d46449124a8f0d3eabb0, type: 3}
      propertyPath: m_LocalRotation.y
      value: -0
      objectReference: {fileID: 0}
    - target: {fileID: 1698794095551163714, guid: e813b0abce04d46449124a8f0d3eabb0, type: 3}
      propertyPath: m_LocalRotation.z
      value: -0
      objectReference: {fileID: 0}
    - target: {fileID: 1698794095551163714, guid: e813b0abce04d46449124a8f0d3eabb0, type: 3}
      propertyPath: m_LocalEulerAnglesHint.x
      value: 0
      objectReference: {fileID: 0}
    - target: {fileID: 1698794095551163714, guid: e813b0abce04d46449124a8f0d3eabb0, type: 3}
      propertyPath: m_LocalEulerAnglesHint.y
      value: 0
      objectReference: {fileID: 0}
    - target: {fileID: 1698794095551163714, guid: e813b0abce04d46449124a8f0d3eabb0, type: 3}
      propertyPath: m_LocalEulerAnglesHint.z
      value: 0
      objectReference: {fileID: 0}
    - target: {fileID: 1698794095551163715, guid: e813b0abce04d46449124a8f0d3eabb0, type: 3}
      propertyPath: m_Name
      value: ZipEdgePoint
      objectReference: {fileID: 0}
    m_RemovedComponents: []
  m_SourcePrefab: {fileID: 100100000, guid: e813b0abce04d46449124a8f0d3eabb0, type: 3}
--- !u!4 &2829641468065030857 stripped
Transform:
  m_CorrespondingSourceObject: {fileID: 1698794095551163714, guid: e813b0abce04d46449124a8f0d3eabb0, type: 3}
  m_PrefabInstance: {fileID: 3519479369315684235}
  m_PrefabAsset: {fileID: 0}
--- !u!1001 &3731833185522725277
PrefabInstance:
  m_ObjectHideFlags: 0
  serializedVersion: 2
  m_Modification:
    m_TransformParent: {fileID: 2838036564303105212}
    m_Modifications:
    - target: {fileID: 1698794095551163714, guid: e813b0abce04d46449124a8f0d3eabb0, type: 3}
      propertyPath: m_RootOrder
      value: 3
      objectReference: {fileID: 0}
    - target: {fileID: 1698794095551163714, guid: e813b0abce04d46449124a8f0d3eabb0, type: 3}
      propertyPath: m_LocalScale.x
      value: 1.0001
      objectReference: {fileID: 0}
    - target: {fileID: 1698794095551163714, guid: e813b0abce04d46449124a8f0d3eabb0, type: 3}
      propertyPath: m_LocalScale.y
      value: 1.0001
      objectReference: {fileID: 0}
    - target: {fileID: 1698794095551163714, guid: e813b0abce04d46449124a8f0d3eabb0, type: 3}
      propertyPath: m_LocalScale.z
      value: 1.0001
      objectReference: {fileID: 0}
    - target: {fileID: 1698794095551163714, guid: e813b0abce04d46449124a8f0d3eabb0, type: 3}
      propertyPath: m_LocalPosition.x
      value: -15.5
      objectReference: {fileID: 0}
    - target: {fileID: 1698794095551163714, guid: e813b0abce04d46449124a8f0d3eabb0, type: 3}
      propertyPath: m_LocalPosition.y
      value: 46.260426
      objectReference: {fileID: 0}
    - target: {fileID: 1698794095551163714, guid: e813b0abce04d46449124a8f0d3eabb0, type: 3}
      propertyPath: m_LocalPosition.z
      value: -35
      objectReference: {fileID: 0}
    - target: {fileID: 1698794095551163714, guid: e813b0abce04d46449124a8f0d3eabb0, type: 3}
      propertyPath: m_LocalRotation.w
      value: 1
      objectReference: {fileID: 0}
    - target: {fileID: 1698794095551163714, guid: e813b0abce04d46449124a8f0d3eabb0, type: 3}
      propertyPath: m_LocalRotation.x
      value: -0
      objectReference: {fileID: 0}
    - target: {fileID: 1698794095551163714, guid: e813b0abce04d46449124a8f0d3eabb0, type: 3}
      propertyPath: m_LocalRotation.y
      value: -0
      objectReference: {fileID: 0}
    - target: {fileID: 1698794095551163714, guid: e813b0abce04d46449124a8f0d3eabb0, type: 3}
      propertyPath: m_LocalRotation.z
      value: -0
      objectReference: {fileID: 0}
    - target: {fileID: 1698794095551163714, guid: e813b0abce04d46449124a8f0d3eabb0, type: 3}
      propertyPath: m_LocalEulerAnglesHint.x
      value: 0
      objectReference: {fileID: 0}
    - target: {fileID: 1698794095551163714, guid: e813b0abce04d46449124a8f0d3eabb0, type: 3}
      propertyPath: m_LocalEulerAnglesHint.y
      value: 0
      objectReference: {fileID: 0}
    - target: {fileID: 1698794095551163714, guid: e813b0abce04d46449124a8f0d3eabb0, type: 3}
      propertyPath: m_LocalEulerAnglesHint.z
      value: 0
      objectReference: {fileID: 0}
    - target: {fileID: 1698794095551163715, guid: e813b0abce04d46449124a8f0d3eabb0, type: 3}
      propertyPath: m_Name
      value: ZipEdgePoint (3)
      objectReference: {fileID: 0}
    m_RemovedComponents: []
  m_SourcePrefab: {fileID: 100100000, guid: e813b0abce04d46449124a8f0d3eabb0, type: 3}
--- !u!4 &2619255191672921311 stripped
Transform:
  m_CorrespondingSourceObject: {fileID: 1698794095551163714, guid: e813b0abce04d46449124a8f0d3eabb0, type: 3}
  m_PrefabInstance: {fileID: 3731833185522725277}
  m_PrefabAsset: {fileID: 0}
--- !u!1001 &4670566859537077449
PrefabInstance:
  m_ObjectHideFlags: 0
  serializedVersion: 2
  m_Modification:
    m_TransformParent: {fileID: 2838036564303105212}
    m_Modifications:
    - target: {fileID: 1698794095551163714, guid: e813b0abce04d46449124a8f0d3eabb0, type: 3}
      propertyPath: m_RootOrder
      value: 1
      objectReference: {fileID: 0}
    - target: {fileID: 1698794095551163714, guid: e813b0abce04d46449124a8f0d3eabb0, type: 3}
      propertyPath: m_LocalScale.x
      value: 1.0001
      objectReference: {fileID: 0}
    - target: {fileID: 1698794095551163714, guid: e813b0abce04d46449124a8f0d3eabb0, type: 3}
      propertyPath: m_LocalScale.y
      value: 1.0001
      objectReference: {fileID: 0}
    - target: {fileID: 1698794095551163714, guid: e813b0abce04d46449124a8f0d3eabb0, type: 3}
      propertyPath: m_LocalScale.z
      value: 1.0001
      objectReference: {fileID: 0}
    - target: {fileID: 1698794095551163714, guid: e813b0abce04d46449124a8f0d3eabb0, type: 3}
      propertyPath: m_LocalPosition.x
      value: 17
      objectReference: {fileID: 0}
    - target: {fileID: 1698794095551163714, guid: e813b0abce04d46449124a8f0d3eabb0, type: 3}
      propertyPath: m_LocalPosition.y
      value: 46.260426
      objectReference: {fileID: 0}
    - target: {fileID: 1698794095551163714, guid: e813b0abce04d46449124a8f0d3eabb0, type: 3}
      propertyPath: m_LocalPosition.z
      value: -19.053236
      objectReference: {fileID: 0}
    - target: {fileID: 1698794095551163714, guid: e813b0abce04d46449124a8f0d3eabb0, type: 3}
      propertyPath: m_LocalRotation.w
      value: 1
      objectReference: {fileID: 0}
    - target: {fileID: 1698794095551163714, guid: e813b0abce04d46449124a8f0d3eabb0, type: 3}
      propertyPath: m_LocalRotation.x
      value: -0
      objectReference: {fileID: 0}
    - target: {fileID: 1698794095551163714, guid: e813b0abce04d46449124a8f0d3eabb0, type: 3}
      propertyPath: m_LocalRotation.y
      value: -0
      objectReference: {fileID: 0}
    - target: {fileID: 1698794095551163714, guid: e813b0abce04d46449124a8f0d3eabb0, type: 3}
      propertyPath: m_LocalRotation.z
      value: -0
      objectReference: {fileID: 0}
    - target: {fileID: 1698794095551163714, guid: e813b0abce04d46449124a8f0d3eabb0, type: 3}
      propertyPath: m_LocalEulerAnglesHint.x
      value: 0
      objectReference: {fileID: 0}
    - target: {fileID: 1698794095551163714, guid: e813b0abce04d46449124a8f0d3eabb0, type: 3}
      propertyPath: m_LocalEulerAnglesHint.y
      value: 0
      objectReference: {fileID: 0}
    - target: {fileID: 1698794095551163714, guid: e813b0abce04d46449124a8f0d3eabb0, type: 3}
      propertyPath: m_LocalEulerAnglesHint.z
      value: 0
      objectReference: {fileID: 0}
    - target: {fileID: 1698794095551163715, guid: e813b0abce04d46449124a8f0d3eabb0, type: 3}
      propertyPath: m_Name
      value: ZipEdgePoint (1)
      objectReference: {fileID: 0}
    m_RemovedComponents: []
  m_SourcePrefab: {fileID: 100100000, guid: e813b0abce04d46449124a8f0d3eabb0, type: 3}
--- !u!4 &6287724277159491979 stripped
Transform:
  m_CorrespondingSourceObject: {fileID: 1698794095551163714, guid: e813b0abce04d46449124a8f0d3eabb0, type: 3}
  m_PrefabInstance: {fileID: 4670566859537077449}
  m_PrefabAsset: {fileID: 0}
--- !u!1001 &5466113796935715182
PrefabInstance:
  m_ObjectHideFlags: 0
  serializedVersion: 2
  m_Modification:
    m_TransformParent: {fileID: 3213239914156194610}
    m_Modifications:
    - target: {fileID: 1698794095551163714, guid: e813b0abce04d46449124a8f0d3eabb0, type: 3}
      propertyPath: m_RootOrder
      value: 0
      objectReference: {fileID: 0}
    - target: {fileID: 1698794095551163714, guid: e813b0abce04d46449124a8f0d3eabb0, type: 3}
      propertyPath: m_LocalScale.x
      value: 1.0001
      objectReference: {fileID: 0}
    - target: {fileID: 1698794095551163714, guid: e813b0abce04d46449124a8f0d3eabb0, type: 3}
      propertyPath: m_LocalScale.y
      value: 1.0001
      objectReference: {fileID: 0}
    - target: {fileID: 1698794095551163714, guid: e813b0abce04d46449124a8f0d3eabb0, type: 3}
      propertyPath: m_LocalScale.z
      value: 1.0001
      objectReference: {fileID: 0}
    - target: {fileID: 1698794095551163714, guid: e813b0abce04d46449124a8f0d3eabb0, type: 3}
      propertyPath: m_LocalPosition.x
      value: 1.3360244
      objectReference: {fileID: 0}
    - target: {fileID: 1698794095551163714, guid: e813b0abce04d46449124a8f0d3eabb0, type: 3}
      propertyPath: m_LocalPosition.y
      value: 69.89435
      objectReference: {fileID: 0}
    - target: {fileID: 1698794095551163714, guid: e813b0abce04d46449124a8f0d3eabb0, type: 3}
      propertyPath: m_LocalPosition.z
      value: 34.922535
      objectReference: {fileID: 0}
    - target: {fileID: 1698794095551163714, guid: e813b0abce04d46449124a8f0d3eabb0, type: 3}
      propertyPath: m_LocalRotation.w
      value: 1
      objectReference: {fileID: 0}
    - target: {fileID: 1698794095551163714, guid: e813b0abce04d46449124a8f0d3eabb0, type: 3}
      propertyPath: m_LocalRotation.x
      value: -0
      objectReference: {fileID: 0}
    - target: {fileID: 1698794095551163714, guid: e813b0abce04d46449124a8f0d3eabb0, type: 3}
      propertyPath: m_LocalRotation.y
      value: -0
      objectReference: {fileID: 0}
    - target: {fileID: 1698794095551163714, guid: e813b0abce04d46449124a8f0d3eabb0, type: 3}
      propertyPath: m_LocalRotation.z
      value: -0
      objectReference: {fileID: 0}
    - target: {fileID: 1698794095551163714, guid: e813b0abce04d46449124a8f0d3eabb0, type: 3}
      propertyPath: m_LocalEulerAnglesHint.x
      value: 0
      objectReference: {fileID: 0}
    - target: {fileID: 1698794095551163714, guid: e813b0abce04d46449124a8f0d3eabb0, type: 3}
      propertyPath: m_LocalEulerAnglesHint.y
      value: 0
      objectReference: {fileID: 0}
    - target: {fileID: 1698794095551163714, guid: e813b0abce04d46449124a8f0d3eabb0, type: 3}
      propertyPath: m_LocalEulerAnglesHint.z
      value: 0
      objectReference: {fileID: 0}
    - target: {fileID: 1698794095551163715, guid: e813b0abce04d46449124a8f0d3eabb0, type: 3}
      propertyPath: m_Name
      value: ZipEdgePoint
      objectReference: {fileID: 0}
    m_RemovedComponents: []
  m_SourcePrefab: {fileID: 100100000, guid: e813b0abce04d46449124a8f0d3eabb0, type: 3}
--- !u!4 &6649808611015697452 stripped
Transform:
  m_CorrespondingSourceObject: {fileID: 1698794095551163714, guid: e813b0abce04d46449124a8f0d3eabb0, type: 3}
  m_PrefabInstance: {fileID: 5466113796935715182}
  m_PrefabAsset: {fileID: 0}
--- !u!1001 &6992467392202951581
PrefabInstance:
  m_ObjectHideFlags: 0
  serializedVersion: 2
  m_Modification:
    m_TransformParent: {fileID: 3213239914156194610}
    m_Modifications:
    - target: {fileID: 1698794095551163714, guid: e813b0abce04d46449124a8f0d3eabb0, type: 3}
      propertyPath: m_RootOrder
      value: 1
      objectReference: {fileID: 0}
    - target: {fileID: 1698794095551163714, guid: e813b0abce04d46449124a8f0d3eabb0, type: 3}
      propertyPath: m_LocalScale.x
      value: 1.0001
      objectReference: {fileID: 0}
    - target: {fileID: 1698794095551163714, guid: e813b0abce04d46449124a8f0d3eabb0, type: 3}
      propertyPath: m_LocalScale.y
      value: 1.0001
      objectReference: {fileID: 0}
    - target: {fileID: 1698794095551163714, guid: e813b0abce04d46449124a8f0d3eabb0, type: 3}
      propertyPath: m_LocalScale.z
      value: 1.0001
      objectReference: {fileID: 0}
    - target: {fileID: 1698794095551163714, guid: e813b0abce04d46449124a8f0d3eabb0, type: 3}
      propertyPath: m_LocalPosition.x
      value: 1.3360244
      objectReference: {fileID: 0}
    - target: {fileID: 1698794095551163714, guid: e813b0abce04d46449124a8f0d3eabb0, type: 3}
      propertyPath: m_LocalPosition.y
      value: 69.89435
      objectReference: {fileID: 0}
    - target: {fileID: 1698794095551163714, guid: e813b0abce04d46449124a8f0d3eabb0, type: 3}
      propertyPath: m_LocalPosition.z
      value: -18.7
      objectReference: {fileID: 0}
    - target: {fileID: 1698794095551163714, guid: e813b0abce04d46449124a8f0d3eabb0, type: 3}
      propertyPath: m_LocalRotation.w
      value: 1
      objectReference: {fileID: 0}
    - target: {fileID: 1698794095551163714, guid: e813b0abce04d46449124a8f0d3eabb0, type: 3}
      propertyPath: m_LocalRotation.x
      value: -0
      objectReference: {fileID: 0}
    - target: {fileID: 1698794095551163714, guid: e813b0abce04d46449124a8f0d3eabb0, type: 3}
      propertyPath: m_LocalRotation.y
      value: -0
      objectReference: {fileID: 0}
    - target: {fileID: 1698794095551163714, guid: e813b0abce04d46449124a8f0d3eabb0, type: 3}
      propertyPath: m_LocalRotation.z
      value: -0
      objectReference: {fileID: 0}
    - target: {fileID: 1698794095551163714, guid: e813b0abce04d46449124a8f0d3eabb0, type: 3}
      propertyPath: m_LocalEulerAnglesHint.x
      value: 0
      objectReference: {fileID: 0}
    - target: {fileID: 1698794095551163714, guid: e813b0abce04d46449124a8f0d3eabb0, type: 3}
      propertyPath: m_LocalEulerAnglesHint.y
      value: 0
      objectReference: {fileID: 0}
    - target: {fileID: 1698794095551163714, guid: e813b0abce04d46449124a8f0d3eabb0, type: 3}
      propertyPath: m_LocalEulerAnglesHint.z
      value: 0
      objectReference: {fileID: 0}
    - target: {fileID: 1698794095551163715, guid: e813b0abce04d46449124a8f0d3eabb0, type: 3}
      propertyPath: m_Name
      value: ZipEdgePoint (1)
      objectReference: {fileID: 0}
    m_RemovedComponents: []
  m_SourcePrefab: {fileID: 100100000, guid: e813b0abce04d46449124a8f0d3eabb0, type: 3}
--- !u!4 &8545976327912154847 stripped
Transform:
  m_CorrespondingSourceObject: {fileID: 1698794095551163714, guid: e813b0abce04d46449124a8f0d3eabb0, type: 3}
  m_PrefabInstance: {fileID: 6992467392202951581}
  m_PrefabAsset: {fileID: 0}
--- !u!1001 &7312323299956078766
PrefabInstance:
  m_ObjectHideFlags: 0
  serializedVersion: 2
  m_Modification:
    m_TransformParent: {fileID: 2838036564303105212}
    m_Modifications:
    - target: {fileID: 1698794095551163714, guid: e813b0abce04d46449124a8f0d3eabb0, type: 3}
      propertyPath: m_RootOrder
      value: 4
      objectReference: {fileID: 0}
    - target: {fileID: 1698794095551163714, guid: e813b0abce04d46449124a8f0d3eabb0, type: 3}
      propertyPath: m_LocalScale.x
      value: 1.0001
      objectReference: {fileID: 0}
    - target: {fileID: 1698794095551163714, guid: e813b0abce04d46449124a8f0d3eabb0, type: 3}
      propertyPath: m_LocalScale.y
      value: 1.0001
      objectReference: {fileID: 0}
    - target: {fileID: 1698794095551163714, guid: e813b0abce04d46449124a8f0d3eabb0, type: 3}
      propertyPath: m_LocalScale.z
      value: 1.0001
      objectReference: {fileID: 0}
    - target: {fileID: 1698794095551163714, guid: e813b0abce04d46449124a8f0d3eabb0, type: 3}
      propertyPath: m_LocalPosition.x
      value: -15.5
      objectReference: {fileID: 0}
    - target: {fileID: 1698794095551163714, guid: e813b0abce04d46449124a8f0d3eabb0, type: 3}
      propertyPath: m_LocalPosition.y
      value: 46.260426
      objectReference: {fileID: 0}
    - target: {fileID: 1698794095551163714, guid: e813b0abce04d46449124a8f0d3eabb0, type: 3}
      propertyPath: m_LocalPosition.z
      value: -19.8
      objectReference: {fileID: 0}
    - target: {fileID: 1698794095551163714, guid: e813b0abce04d46449124a8f0d3eabb0, type: 3}
      propertyPath: m_LocalRotation.w
      value: 1
      objectReference: {fileID: 0}
    - target: {fileID: 1698794095551163714, guid: e813b0abce04d46449124a8f0d3eabb0, type: 3}
      propertyPath: m_LocalRotation.x
      value: -0
      objectReference: {fileID: 0}
    - target: {fileID: 1698794095551163714, guid: e813b0abce04d46449124a8f0d3eabb0, type: 3}
      propertyPath: m_LocalRotation.y
      value: -0
      objectReference: {fileID: 0}
    - target: {fileID: 1698794095551163714, guid: e813b0abce04d46449124a8f0d3eabb0, type: 3}
      propertyPath: m_LocalRotation.z
      value: -0
      objectReference: {fileID: 0}
    - target: {fileID: 1698794095551163714, guid: e813b0abce04d46449124a8f0d3eabb0, type: 3}
      propertyPath: m_LocalEulerAnglesHint.x
      value: 0
      objectReference: {fileID: 0}
    - target: {fileID: 1698794095551163714, guid: e813b0abce04d46449124a8f0d3eabb0, type: 3}
      propertyPath: m_LocalEulerAnglesHint.y
      value: 0
      objectReference: {fileID: 0}
    - target: {fileID: 1698794095551163714, guid: e813b0abce04d46449124a8f0d3eabb0, type: 3}
      propertyPath: m_LocalEulerAnglesHint.z
      value: 0
      objectReference: {fileID: 0}
    - target: {fileID: 1698794095551163715, guid: e813b0abce04d46449124a8f0d3eabb0, type: 3}
      propertyPath: m_Name
      value: ZipEdgePoint (4)
      objectReference: {fileID: 0}
    m_RemovedComponents: []
  m_SourcePrefab: {fileID: 100100000, guid: e813b0abce04d46449124a8f0d3eabb0, type: 3}
--- !u!4 &8280364302467732972 stripped
Transform:
  m_CorrespondingSourceObject: {fileID: 1698794095551163714, guid: e813b0abce04d46449124a8f0d3eabb0, type: 3}
  m_PrefabInstance: {fileID: 7312323299956078766}
  m_PrefabAsset: {fileID: 0}
--- !u!1001 &8991924974343541251
PrefabInstance:
  m_ObjectHideFlags: 0
  serializedVersion: 2
  m_Modification:
    m_TransformParent: {fileID: 3213239914156194610}
    m_Modifications:
    - target: {fileID: 1698794095551163714, guid: e813b0abce04d46449124a8f0d3eabb0, type: 3}
      propertyPath: m_RootOrder
      value: 3
      objectReference: {fileID: 0}
    - target: {fileID: 1698794095551163714, guid: e813b0abce04d46449124a8f0d3eabb0, type: 3}
      propertyPath: m_LocalScale.x
      value: 1.0001
      objectReference: {fileID: 0}
    - target: {fileID: 1698794095551163714, guid: e813b0abce04d46449124a8f0d3eabb0, type: 3}
      propertyPath: m_LocalScale.y
      value: 1.0001
      objectReference: {fileID: 0}
    - target: {fileID: 1698794095551163714, guid: e813b0abce04d46449124a8f0d3eabb0, type: 3}
      propertyPath: m_LocalScale.z
      value: 1.0001
      objectReference: {fileID: 0}
    - target: {fileID: 1698794095551163714, guid: e813b0abce04d46449124a8f0d3eabb0, type: 3}
      propertyPath: m_LocalPosition.x
      value: -15.5
      objectReference: {fileID: 0}
    - target: {fileID: 1698794095551163714, guid: e813b0abce04d46449124a8f0d3eabb0, type: 3}
      propertyPath: m_LocalPosition.y
      value: 69.89435
      objectReference: {fileID: 0}
    - target: {fileID: 1698794095551163714, guid: e813b0abce04d46449124a8f0d3eabb0, type: 3}
      propertyPath: m_LocalPosition.z
      value: 35
      objectReference: {fileID: 0}
    - target: {fileID: 1698794095551163714, guid: e813b0abce04d46449124a8f0d3eabb0, type: 3}
      propertyPath: m_LocalRotation.w
      value: 1
      objectReference: {fileID: 0}
    - target: {fileID: 1698794095551163714, guid: e813b0abce04d46449124a8f0d3eabb0, type: 3}
      propertyPath: m_LocalRotation.x
      value: -0
      objectReference: {fileID: 0}
    - target: {fileID: 1698794095551163714, guid: e813b0abce04d46449124a8f0d3eabb0, type: 3}
      propertyPath: m_LocalRotation.y
      value: -0
      objectReference: {fileID: 0}
    - target: {fileID: 1698794095551163714, guid: e813b0abce04d46449124a8f0d3eabb0, type: 3}
      propertyPath: m_LocalRotation.z
      value: -0
      objectReference: {fileID: 0}
    - target: {fileID: 1698794095551163714, guid: e813b0abce04d46449124a8f0d3eabb0, type: 3}
      propertyPath: m_LocalEulerAnglesHint.x
      value: 0
      objectReference: {fileID: 0}
    - target: {fileID: 1698794095551163714, guid: e813b0abce04d46449124a8f0d3eabb0, type: 3}
      propertyPath: m_LocalEulerAnglesHint.y
      value: 0
      objectReference: {fileID: 0}
    - target: {fileID: 1698794095551163714, guid: e813b0abce04d46449124a8f0d3eabb0, type: 3}
      propertyPath: m_LocalEulerAnglesHint.z
      value: 0
      objectReference: {fileID: 0}
    - target: {fileID: 1698794095551163715, guid: e813b0abce04d46449124a8f0d3eabb0, type: 3}
      propertyPath: m_Name
      value: ZipEdgePoint (3)
      objectReference: {fileID: 0}
    m_RemovedComponents: []
  m_SourcePrefab: {fileID: 100100000, guid: e813b0abce04d46449124a8f0d3eabb0, type: 3}
--- !u!4 &7735750558886035265 stripped
Transform:
  m_CorrespondingSourceObject: {fileID: 1698794095551163714, guid: e813b0abce04d46449124a8f0d3eabb0, type: 3}
  m_PrefabInstance: {fileID: 8991924974343541251}
  m_PrefabAsset: {fileID: 0}
