%YAML 1.1
%TAG !u! tag:unity3d.com,2011:
--- !u!1 &795735542004758094
GameObject:
  m_ObjectHideFlags: 0
  m_CorrespondingSourceObject: {fileID: 0}
  m_PrefabInstance: {fileID: 0}
  m_PrefabAsset: {fileID: 0}
  serializedVersion: 6
  m_Component:
  - component: {fileID: 4289815428382188449}
  - component: {fileID: 2828014478001492280}
  - component: {fileID: 5524893496767974969}
  - component: {fileID: 781841303457674202}
  - component: {fileID: 8924131119028456096}
  m_Layer: 12
  m_Name: House_GD_LOD
  m_TagString: Untagged
  m_Icon: {fileID: 0}
  m_NavMeshLayer: 0
  m_StaticEditorFlags: 5
  m_IsActive: 1
--- !u!4 &4289815428382188449
Transform:
  m_ObjectHideFlags: 0
  m_CorrespondingSourceObject: {fileID: 0}
  m_PrefabInstance: {fileID: 0}
  m_PrefabAsset: {fileID: 0}
  m_GameObject: {fileID: 795735542004758094}
  m_LocalRotation: {x: -0, y: -0, z: -0, w: 1}
  m_LocalPosition: {x: 0, y: 0, z: 0}
  m_LocalScale: {x: 0.99999, y: 0.99999, z: 0.99999}
  m_ConstrainProportionsScale: 1
  m_Children:
  - {fileID: 6429331348970221661}
  - {fileID: 4062622523581501707}
  m_Father: {fileID: 3306629032920958726}
  m_RootOrder: 1
  m_LocalEulerAnglesHint: {x: 0, y: 0, z: 0}
--- !u!33 &2828014478001492280
MeshFilter:
  m_ObjectHideFlags: 0
  m_CorrespondingSourceObject: {fileID: 0}
  m_PrefabInstance: {fileID: 0}
  m_PrefabAsset: {fileID: 0}
  m_GameObject: {fileID: 795735542004758094}
  m_Mesh: {fileID: -3772574431144758727, guid: 33ea1b342a51c154c8eadd22fcc5bae5, type: 3}
--- !u!23 &5524893496767974969
MeshRenderer:
  m_ObjectHideFlags: 0
  m_CorrespondingSourceObject: {fileID: 0}
  m_PrefabInstance: {fileID: 0}
  m_PrefabAsset: {fileID: 0}
  m_GameObject: {fileID: 795735542004758094}
  m_Enabled: 1
  m_CastShadows: 1
  m_ReceiveShadows: 1
  m_DynamicOccludee: 1
  m_StaticShadowCaster: 0
  m_MotionVectors: 1
  m_LightProbeUsage: 0
  m_ReflectionProbeUsage: 0
  m_RayTracingMode: 2
  m_RayTraceProcedural: 0
  m_RenderingLayerMask: 1
  m_RendererPriority: 0
  m_Materials:
  - {fileID: 2100000, guid: 426c2cbfd7ee50b44ac414619f440fe1, type: 2}
  m_StaticBatchInfo:
    firstSubMesh: 0
    subMeshCount: 0
  m_StaticBatchRoot: {fileID: 0}
  m_ProbeAnchor: {fileID: 0}
  m_LightProbeVolumeOverride: {fileID: 0}
  m_ScaleInLightmap: 1
  m_ReceiveGI: 1
  m_PreserveUVs: 0
  m_IgnoreNormalsForChartDetection: 0
  m_ImportantGI: 0
  m_StitchLightmapSeams: 1
  m_SelectedEditorRenderState: 3
  m_MinimumChartSize: 4
  m_AutoUVMaxDistance: 0.5
  m_AutoUVMaxAngle: 89
  m_LightmapParameters: {fileID: 0}
  m_SortingLayerID: 0
  m_SortingLayer: 0
  m_SortingOrder: 0
  m_AdditionalVertexStreams: {fileID: 0}
--- !u!64 &781841303457674202
MeshCollider:
  m_ObjectHideFlags: 0
  m_CorrespondingSourceObject: {fileID: 0}
  m_PrefabInstance: {fileID: 0}
  m_PrefabAsset: {fileID: 0}
  m_GameObject: {fileID: 795735542004758094}
  m_Material: {fileID: 0}
  m_IsTrigger: 0
  m_Enabled: 1
  serializedVersion: 4
  m_Convex: 0
  m_CookingOptions: 30
  m_Mesh: {fileID: -3772574431144758727, guid: 33ea1b342a51c154c8eadd22fcc5bae5, type: 3}
--- !u!114 &8924131119028456096
MonoBehaviour:
  m_ObjectHideFlags: 0
  m_CorrespondingSourceObject: {fileID: 0}
  m_PrefabInstance: {fileID: 0}
  m_PrefabAsset: {fileID: 0}
  m_GameObject: {fileID: 795735542004758094}
  m_Enabled: 1
  m_EditorHideFlags: 0
  m_Script: {fileID: 11500000, guid: 20a8c0ffd23bc3243b3f42ce6d01ba77, type: 3}
  m_Name: 
  m_EditorClassIdentifier: 
  isRound: 1
  isMaster: 1
  edges:
  - pointA: {fileID: 8279324921587233437}
    pointB: {fileID: 2776815111919156249}
  - pointA: {fileID: 2776815111919156249}
    pointB: {fileID: 1997074903149087590}
  - pointA: {fileID: 1997074903149087590}
    pointB: {fileID: 1059508691523689435}
  - pointA: {fileID: 1059508691523689435}
    pointB: {fileID: 8279324921587233437}
  - pointA: {fileID: 2468976031482431318}
    pointB: {fileID: 8118088010246700716}
  - pointA: {fileID: 8118088010246700716}
    pointB: {fileID: 8034990033979463883}
  - pointA: {fileID: 8034990033979463883}
    pointB: {fileID: 4273813013906078523}
--- !u!1 &1462652751101910500
GameObject:
  m_ObjectHideFlags: 0
  m_CorrespondingSourceObject: {fileID: 0}
  m_PrefabInstance: {fileID: 0}
  m_PrefabAsset: {fileID: 0}
  serializedVersion: 6
  m_Component:
  - component: {fileID: 4062622523581501707}
  - component: {fileID: 4397422963224765126}
  m_Layer: 12
  m_Name: Edge_2
  m_TagString: Untagged
  m_Icon: {fileID: 0}
  m_NavMeshLayer: 0
  m_StaticEditorFlags: 0
  m_IsActive: 1
--- !u!4 &4062622523581501707
Transform:
  m_ObjectHideFlags: 0
  m_CorrespondingSourceObject: {fileID: 0}
  m_PrefabInstance: {fileID: 0}
  m_PrefabAsset: {fileID: 0}
  m_GameObject: {fileID: 1462652751101910500}
  m_LocalRotation: {x: 0, y: 0, z: 0, w: 1}
  m_LocalPosition: {x: 0, y: 0, z: 0}
  m_LocalScale: {x: 1, y: 1, z: 1}
  m_ConstrainProportionsScale: 0
  m_Children:
  - {fileID: 2468976031482431318}
  - {fileID: 8118088010246700716}
  - {fileID: 8034990033979463883}
  - {fileID: 4273813013906078523}
  m_Father: {fileID: 4289815428382188449}
  m_RootOrder: 1
  m_LocalEulerAnglesHint: {x: 0, y: 0, z: 0}
--- !u!114 &4397422963224765126
MonoBehaviour:
  m_ObjectHideFlags: 0
  m_CorrespondingSourceObject: {fileID: 0}
  m_PrefabInstance: {fileID: 0}
  m_PrefabAsset: {fileID: 0}
  m_GameObject: {fileID: 1462652751101910500}
  m_Enabled: 1
  m_EditorHideFlags: 0
  m_Script: {fileID: 11500000, guid: 20a8c0ffd23bc3243b3f42ce6d01ba77, type: 3}
  m_Name: 
  m_EditorClassIdentifier: 
  isRound: 0
  isMaster: 0
  edges:
  - pointA: {fileID: 2468976031482431318}
    pointB: {fileID: 8118088010246700716}
  - pointA: {fileID: 8118088010246700716}
    pointB: {fileID: 8034990033979463883}
  - pointA: {fileID: 8034990033979463883}
    pointB: {fileID: 4273813013906078523}
--- !u!1 &3917376120096734307
GameObject:
  m_ObjectHideFlags: 0
  m_CorrespondingSourceObject: {fileID: 0}
  m_PrefabInstance: {fileID: 0}
  m_PrefabAsset: {fileID: 0}
  serializedVersion: 6
  m_Component:
  - component: {fileID: 3306629032920958726}
  - component: {fileID: 4392336109718450511}
  m_Layer: 12
  m_Name: House_GD
  m_TagString: Untagged
  m_Icon: {fileID: 0}
  m_NavMeshLayer: 0
  m_StaticEditorFlags: 5
  m_IsActive: 1
--- !u!4 &3306629032920958726
Transform:
  m_ObjectHideFlags: 0
  m_CorrespondingSourceObject: {fileID: 0}
  m_PrefabInstance: {fileID: 0}
  m_PrefabAsset: {fileID: 0}
  m_GameObject: {fileID: 3917376120096734307}
  m_LocalRotation: {x: 0, y: 0, z: 0, w: 1}
  m_LocalPosition: {x: 0, y: 0, z: 0}
  m_LocalScale: {x: 1, y: 1, z: 1}
  m_ConstrainProportionsScale: 0
  m_Children:
  - {fileID: 1361600700092659367}
  - {fileID: 4289815428382188449}
  m_Father: {fileID: 0}
  m_RootOrder: 0
  m_LocalEulerAnglesHint: {x: 0, y: 0, z: 0}
--- !u!205 &4392336109718450511
LODGroup:
  m_ObjectHideFlags: 0
  m_CorrespondingSourceObject: {fileID: 0}
  m_PrefabInstance: {fileID: 0}
  m_PrefabAsset: {fileID: 0}
  m_GameObject: {fileID: 3917376120096734307}
  serializedVersion: 2
  m_LocalReferencePoint: {x: 0.05190277, y: 23.82129, z: 0.0045490265}
  m_Size: 53.17519
  m_FadeMode: 0
  m_AnimateCrossFading: 0
  m_LastLODIsBillboard: 0
  m_LODs:
  - screenRelativeHeight: 0.2
    fadeTransitionWidth: 0.5
    renderers:
    - renderer: {fileID: 1627150913693425940}
  - screenRelativeHeight: 0.02
    fadeTransitionWidth: 0.1
    renderers:
    - renderer: {fileID: 5524893496767974969}
  m_Enabled: 1
--- !u!1 &4280905293214799316
GameObject:
  m_ObjectHideFlags: 0
  m_CorrespondingSourceObject: {fileID: 0}
  m_PrefabInstance: {fileID: 0}
  m_PrefabAsset: {fileID: 0}
  serializedVersion: 6
  m_Component:
  - component: {fileID: 1361600700092659367}
  - component: {fileID: 2568819875393527714}
  - component: {fileID: 1627150913693425940}
  m_Layer: 12
  m_Name: House_GD
  m_TagString: Untagged
  m_Icon: {fileID: 0}
  m_NavMeshLayer: 0
  m_StaticEditorFlags: 5
  m_IsActive: 1
--- !u!4 &1361600700092659367
Transform:
  m_ObjectHideFlags: 0
  m_CorrespondingSourceObject: {fileID: 0}
  m_PrefabInstance: {fileID: 0}
  m_PrefabAsset: {fileID: 0}
  m_GameObject: {fileID: 4280905293214799316}
  m_LocalRotation: {x: -0, y: -0, z: -0, w: 1}
  m_LocalPosition: {x: 0, y: 0, z: 0}
  m_LocalScale: {x: 1, y: 1, z: 1}
  m_ConstrainProportionsScale: 0
  m_Children: []
  m_Father: {fileID: 3306629032920958726}
  m_RootOrder: 0
  m_LocalEulerAnglesHint: {x: 0, y: 0, z: 0}
--- !u!33 &2568819875393527714
MeshFilter:
  m_ObjectHideFlags: 0
  m_CorrespondingSourceObject: {fileID: 0}
  m_PrefabInstance: {fileID: 0}
  m_PrefabAsset: {fileID: 0}
  m_GameObject: {fileID: 4280905293214799316}
  m_Mesh: {fileID: -8822871513363632820, guid: 33ea1b342a51c154c8eadd22fcc5bae5, type: 3}
--- !u!23 &1627150913693425940
MeshRenderer:
  m_ObjectHideFlags: 0
  m_CorrespondingSourceObject: {fileID: 0}
  m_PrefabInstance: {fileID: 0}
  m_PrefabAsset: {fileID: 0}
  m_GameObject: {fileID: 4280905293214799316}
  m_Enabled: 1
  m_CastShadows: 1
  m_ReceiveShadows: 1
  m_DynamicOccludee: 1
  m_StaticShadowCaster: 0
  m_MotionVectors: 1
  m_LightProbeUsage: 0
  m_ReflectionProbeUsage: 0
  m_RayTracingMode: 2
  m_RayTraceProcedural: 0
  m_RenderingLayerMask: 1
  m_RendererPriority: 0
  m_Materials:
  - {fileID: 2100000, guid: 54a5c2c30ab7aea4f94c2c129fb8d038, type: 2}
  - {fileID: 2100000, guid: 102de4a8dab625c4095e70482f8de85c, type: 2}
  m_StaticBatchInfo:
    firstSubMesh: 0
    subMeshCount: 0
  m_StaticBatchRoot: {fileID: 0}
  m_ProbeAnchor: {fileID: 0}
  m_LightProbeVolumeOverride: {fileID: 0}
  m_ScaleInLightmap: 1
  m_ReceiveGI: 1
  m_PreserveUVs: 0
  m_IgnoreNormalsForChartDetection: 0
  m_ImportantGI: 0
  m_StitchLightmapSeams: 1
  m_SelectedEditorRenderState: 3
  m_MinimumChartSize: 4
  m_AutoUVMaxDistance: 0.5
  m_AutoUVMaxAngle: 89
  m_LightmapParameters: {fileID: 0}
  m_SortingLayerID: 0
  m_SortingLayer: 0
  m_SortingOrder: 0
  m_AdditionalVertexStreams: {fileID: 0}
--- !u!1 &4423523499430288480
GameObject:
  m_ObjectHideFlags: 0
  m_CorrespondingSourceObject: {fileID: 0}
  m_PrefabInstance: {fileID: 0}
  m_PrefabAsset: {fileID: 0}
  serializedVersion: 6
  m_Component:
  - component: {fileID: 6429331348970221661}
  - component: {fileID: 8850703197223192621}
  m_Layer: 12
  m_Name: Edge_1
  m_TagString: Untagged
  m_Icon: {fileID: 0}
  m_NavMeshLayer: 0
  m_StaticEditorFlags: 0
  m_IsActive: 1
--- !u!4 &6429331348970221661
Transform:
  m_ObjectHideFlags: 0
  m_CorrespondingSourceObject: {fileID: 0}
  m_PrefabInstance: {fileID: 0}
  m_PrefabAsset: {fileID: 0}
  m_GameObject: {fileID: 4423523499430288480}
  m_LocalRotation: {x: 0, y: 0, z: 0, w: 1}
  m_LocalPosition: {x: 0, y: 0, z: 0}
  m_LocalScale: {x: 1, y: 1, z: 1}
  m_ConstrainProportionsScale: 0
  m_Children:
  - {fileID: 8279324921587233437}
  - {fileID: 2776815111919156249}
  - {fileID: 1997074903149087590}
  - {fileID: 1059508691523689435}
  m_Father: {fileID: 4289815428382188449}
  m_RootOrder: 0
  m_LocalEulerAnglesHint: {x: 0, y: 0, z: 0}
--- !u!114 &8850703197223192621
MonoBehaviour:
  m_ObjectHideFlags: 0
  m_CorrespondingSourceObject: {fileID: 0}
  m_PrefabInstance: {fileID: 0}
  m_PrefabAsset: {fileID: 0}
  m_GameObject: {fileID: 4423523499430288480}
  m_Enabled: 1
  m_EditorHideFlags: 0
  m_Script: {fileID: 11500000, guid: 20a8c0ffd23bc3243b3f42ce6d01ba77, type: 3}
  m_Name: 
  m_EditorClassIdentifier: 
  isRound: 1
  isMaster: 0
  edges:
  - pointA: {fileID: 8279324921587233437}
    pointB: {fileID: 2776815111919156249}
  - pointA: {fileID: 2776815111919156249}
    pointB: {fileID: 1997074903149087590}
  - pointA: {fileID: 1997074903149087590}
    pointB: {fileID: 1059508691523689435}
  - pointA: {fileID: 1059508691523689435}
    pointB: {fileID: 8279324921587233437}
--- !u!1001 &874926695131850276
PrefabInstance:
  m_ObjectHideFlags: 0
  serializedVersion: 2
  m_Modification:
    m_TransformParent: {fileID: 6429331348970221661}
    m_Modifications:
    - target: {fileID: 1698794095551163714, guid: e813b0abce04d46449124a8f0d3eabb0, type: 3}
      propertyPath: m_RootOrder
      value: 2
      objectReference: {fileID: 0}
    - target: {fileID: 1698794095551163714, guid: e813b0abce04d46449124a8f0d3eabb0, type: 3}
      propertyPath: m_LocalScale.x
      value: 1.00001
      objectReference: {fileID: 0}
    - target: {fileID: 1698794095551163714, guid: e813b0abce04d46449124a8f0d3eabb0, type: 3}
      propertyPath: m_LocalScale.y
      value: 1.00001
      objectReference: {fileID: 0}
    - target: {fileID: 1698794095551163714, guid: e813b0abce04d46449124a8f0d3eabb0, type: 3}
      propertyPath: m_LocalScale.z
      value: 1.00001
      objectReference: {fileID: 0}
    - target: {fileID: 1698794095551163714, guid: e813b0abce04d46449124a8f0d3eabb0, type: 3}
      propertyPath: m_LocalPosition.x
      value: 10.278664
      objectReference: {fileID: 0}
    - target: {fileID: 1698794095551163714, guid: e813b0abce04d46449124a8f0d3eabb0, type: 3}
      propertyPath: m_LocalPosition.y
      value: 47.64258
      objectReference: {fileID: 0}
    - target: {fileID: 1698794095551163714, guid: e813b0abce04d46449124a8f0d3eabb0, type: 3}
      propertyPath: m_LocalPosition.z
      value: -7.7674127
      objectReference: {fileID: 0}
    - target: {fileID: 1698794095551163714, guid: e813b0abce04d46449124a8f0d3eabb0, type: 3}
      propertyPath: m_LocalRotation.w
      value: 1
      objectReference: {fileID: 0}
    - target: {fileID: 1698794095551163714, guid: e813b0abce04d46449124a8f0d3eabb0, type: 3}
      propertyPath: m_LocalRotation.x
      value: -0
      objectReference: {fileID: 0}
    - target: {fileID: 1698794095551163714, guid: e813b0abce04d46449124a8f0d3eabb0, type: 3}
      propertyPath: m_LocalRotation.y
      value: -0
      objectReference: {fileID: 0}
    - target: {fileID: 1698794095551163714, guid: e813b0abce04d46449124a8f0d3eabb0, type: 3}
      propertyPath: m_LocalRotation.z
      value: -0
      objectReference: {fileID: 0}
    - target: {fileID: 1698794095551163714, guid: e813b0abce04d46449124a8f0d3eabb0, type: 3}
      propertyPath: m_LocalEulerAnglesHint.x
      value: 0
      objectReference: {fileID: 0}
    - target: {fileID: 1698794095551163714, guid: e813b0abce04d46449124a8f0d3eabb0, type: 3}
      propertyPath: m_LocalEulerAnglesHint.y
      value: 0
      objectReference: {fileID: 0}
    - target: {fileID: 1698794095551163714, guid: e813b0abce04d46449124a8f0d3eabb0, type: 3}
      propertyPath: m_LocalEulerAnglesHint.z
      value: 0
      objectReference: {fileID: 0}
    - target: {fileID: 1698794095551163715, guid: e813b0abce04d46449124a8f0d3eabb0, type: 3}
      propertyPath: m_Name
      value: ZipEdgePoint (2)
      objectReference: {fileID: 0}
    m_RemovedComponents: []
  m_SourcePrefab: {fileID: 100100000, guid: e813b0abce04d46449124a8f0d3eabb0, type: 3}
--- !u!4 &1997074903149087590 stripped
Transform:
  m_CorrespondingSourceObject: {fileID: 1698794095551163714, guid: e813b0abce04d46449124a8f0d3eabb0, type: 3}
  m_PrefabInstance: {fileID: 874926695131850276}
  m_PrefabAsset: {fileID: 0}
--- !u!1001 &1812546774509745817
PrefabInstance:
  m_ObjectHideFlags: 0
  serializedVersion: 2
  m_Modification:
    m_TransformParent: {fileID: 6429331348970221661}
    m_Modifications:
    - target: {fileID: 1698794095551163714, guid: e813b0abce04d46449124a8f0d3eabb0, type: 3}
      propertyPath: m_RootOrder
      value: 3
      objectReference: {fileID: 0}
    - target: {fileID: 1698794095551163714, guid: e813b0abce04d46449124a8f0d3eabb0, type: 3}
      propertyPath: m_LocalScale.x
      value: 1.00001
      objectReference: {fileID: 0}
    - target: {fileID: 1698794095551163714, guid: e813b0abce04d46449124a8f0d3eabb0, type: 3}
      propertyPath: m_LocalScale.y
      value: 1.00001
      objectReference: {fileID: 0}
    - target: {fileID: 1698794095551163714, guid: e813b0abce04d46449124a8f0d3eabb0, type: 3}
      propertyPath: m_LocalScale.z
      value: 1.00001
      objectReference: {fileID: 0}
    - target: {fileID: 1698794095551163714, guid: e813b0abce04d46449124a8f0d3eabb0, type: 3}
      propertyPath: m_LocalPosition.x
      value: 10.340104
      objectReference: {fileID: 0}
    - target: {fileID: 1698794095551163714, guid: e813b0abce04d46449124a8f0d3eabb0, type: 3}
      propertyPath: m_LocalPosition.y
      value: 47.64258
      objectReference: {fileID: 0}
    - target: {fileID: 1698794095551163714, guid: e813b0abce04d46449124a8f0d3eabb0, type: 3}
      propertyPath: m_LocalPosition.z
      value: 7.860079
      objectReference: {fileID: 0}
    - target: {fileID: 1698794095551163714, guid: e813b0abce04d46449124a8f0d3eabb0, type: 3}
      propertyPath: m_LocalRotation.w
      value: 1
      objectReference: {fileID: 0}
    - target: {fileID: 1698794095551163714, guid: e813b0abce04d46449124a8f0d3eabb0, type: 3}
      propertyPath: m_LocalRotation.x
      value: -0
      objectReference: {fileID: 0}
    - target: {fileID: 1698794095551163714, guid: e813b0abce04d46449124a8f0d3eabb0, type: 3}
      propertyPath: m_LocalRotation.y
      value: -0
      objectReference: {fileID: 0}
    - target: {fileID: 1698794095551163714, guid: e813b0abce04d46449124a8f0d3eabb0, type: 3}
      propertyPath: m_LocalRotation.z
      value: -0
      objectReference: {fileID: 0}
    - target: {fileID: 1698794095551163714, guid: e813b0abce04d46449124a8f0d3eabb0, type: 3}
      propertyPath: m_LocalEulerAnglesHint.x
      value: 0
      objectReference: {fileID: 0}
    - target: {fileID: 1698794095551163714, guid: e813b0abce04d46449124a8f0d3eabb0, type: 3}
      propertyPath: m_LocalEulerAnglesHint.y
      value: 0
      objectReference: {fileID: 0}
    - target: {fileID: 1698794095551163714, guid: e813b0abce04d46449124a8f0d3eabb0, type: 3}
      propertyPath: m_LocalEulerAnglesHint.z
      value: 0
      objectReference: {fileID: 0}
    - target: {fileID: 1698794095551163715, guid: e813b0abce04d46449124a8f0d3eabb0, type: 3}
      propertyPath: m_Name
      value: ZipEdgePoint (3)
      objectReference: {fileID: 0}
    m_RemovedComponents: []
  m_SourcePrefab: {fileID: 100100000, guid: e813b0abce04d46449124a8f0d3eabb0, type: 3}
--- !u!4 &1059508691523689435 stripped
Transform:
  m_CorrespondingSourceObject: {fileID: 1698794095551163714, guid: e813b0abce04d46449124a8f0d3eabb0, type: 3}
  m_PrefabInstance: {fileID: 1812546774509745817}
  m_PrefabAsset: {fileID: 0}
--- !u!1001 &3232729594810046073
PrefabInstance:
  m_ObjectHideFlags: 0
  serializedVersion: 2
  m_Modification:
    m_TransformParent: {fileID: 4062622523581501707}
    m_Modifications:
    - target: {fileID: 1698794095551163714, guid: e813b0abce04d46449124a8f0d3eabb0, type: 3}
      propertyPath: m_RootOrder
      value: 3
      objectReference: {fileID: 0}
    - target: {fileID: 1698794095551163714, guid: e813b0abce04d46449124a8f0d3eabb0, type: 3}
      propertyPath: m_LocalScale.x
      value: 1.00001
      objectReference: {fileID: 0}
    - target: {fileID: 1698794095551163714, guid: e813b0abce04d46449124a8f0d3eabb0, type: 3}
      propertyPath: m_LocalScale.y
      value: 1.00001
      objectReference: {fileID: 0}
    - target: {fileID: 1698794095551163714, guid: e813b0abce04d46449124a8f0d3eabb0, type: 3}
      propertyPath: m_LocalScale.z
      value: 1.00001
      objectReference: {fileID: 0}
    - target: {fileID: 1698794095551163714, guid: e813b0abce04d46449124a8f0d3eabb0, type: 3}
      propertyPath: m_LocalPosition.x
      value: 10.870109
      objectReference: {fileID: 0}
    - target: {fileID: 1698794095551163714, guid: e813b0abce04d46449124a8f0d3eabb0, type: 3}
      propertyPath: m_LocalPosition.y
      value: 29.817158
      objectReference: {fileID: 0}
    - target: {fileID: 1698794095551163714, guid: e813b0abce04d46449124a8f0d3eabb0, type: 3}
      propertyPath: m_LocalPosition.z
      value: 7.9500794
      objectReference: {fileID: 0}
    - target: {fileID: 1698794095551163714, guid: e813b0abce04d46449124a8f0d3eabb0, type: 3}
      propertyPath: m_LocalRotation.w
      value: 1
      objectReference: {fileID: 0}
    - target: {fileID: 1698794095551163714, guid: e813b0abce04d46449124a8f0d3eabb0, type: 3}
      propertyPath: m_LocalRotation.x
      value: -0
      objectReference: {fileID: 0}
    - target: {fileID: 1698794095551163714, guid: e813b0abce04d46449124a8f0d3eabb0, type: 3}
      propertyPath: m_LocalRotation.y
      value: -0
      objectReference: {fileID: 0}
    - target: {fileID: 1698794095551163714, guid: e813b0abce04d46449124a8f0d3eabb0, type: 3}
      propertyPath: m_LocalRotation.z
      value: -0
      objectReference: {fileID: 0}
    - target: {fileID: 1698794095551163714, guid: e813b0abce04d46449124a8f0d3eabb0, type: 3}
      propertyPath: m_LocalEulerAnglesHint.x
      value: 0
      objectReference: {fileID: 0}
    - target: {fileID: 1698794095551163714, guid: e813b0abce04d46449124a8f0d3eabb0, type: 3}
      propertyPath: m_LocalEulerAnglesHint.y
      value: 0
      objectReference: {fileID: 0}
    - target: {fileID: 1698794095551163714, guid: e813b0abce04d46449124a8f0d3eabb0, type: 3}
      propertyPath: m_LocalEulerAnglesHint.z
      value: 0
      objectReference: {fileID: 0}
    - target: {fileID: 1698794095551163715, guid: e813b0abce04d46449124a8f0d3eabb0, type: 3}
      propertyPath: m_Name
      value: ZipEdgePoint (7)
      objectReference: {fileID: 0}
    m_RemovedComponents: []
  m_SourcePrefab: {fileID: 100100000, guid: e813b0abce04d46449124a8f0d3eabb0, type: 3}
--- !u!4 &4273813013906078523 stripped
Transform:
  m_CorrespondingSourceObject: {fileID: 1698794095551163714, guid: e813b0abce04d46449124a8f0d3eabb0, type: 3}
  m_PrefabInstance: {fileID: 3232729594810046073}
  m_PrefabAsset: {fileID: 0}
--- !u!1001 &3538262070916747611
PrefabInstance:
  m_ObjectHideFlags: 0
  serializedVersion: 2
  m_Modification:
    m_TransformParent: {fileID: 6429331348970221661}
    m_Modifications:
    - target: {fileID: 1698794095551163714, guid: e813b0abce04d46449124a8f0d3eabb0, type: 3}
      propertyPath: m_RootOrder
      value: 1
      objectReference: {fileID: 0}
    - target: {fileID: 1698794095551163714, guid: e813b0abce04d46449124a8f0d3eabb0, type: 3}
      propertyPath: m_LocalScale.x
      value: 1.00001
      objectReference: {fileID: 0}
    - target: {fileID: 1698794095551163714, guid: e813b0abce04d46449124a8f0d3eabb0, type: 3}
      propertyPath: m_LocalScale.y
      value: 1.00001
      objectReference: {fileID: 0}
    - target: {fileID: 1698794095551163714, guid: e813b0abce04d46449124a8f0d3eabb0, type: 3}
      propertyPath: m_LocalScale.z
      value: 1.00001
      objectReference: {fileID: 0}
    - target: {fileID: 1698794095551163714, guid: e813b0abce04d46449124a8f0d3eabb0, type: 3}
      propertyPath: m_LocalPosition.x
      value: -26.497519
      objectReference: {fileID: 0}
    - target: {fileID: 1698794095551163714, guid: e813b0abce04d46449124a8f0d3eabb0, type: 3}
      propertyPath: m_LocalPosition.y
      value: 47.64258
      objectReference: {fileID: 0}
    - target: {fileID: 1698794095551163714, guid: e813b0abce04d46449124a8f0d3eabb0, type: 3}
      propertyPath: m_LocalPosition.z
      value: -8.00164
      objectReference: {fileID: 0}
    - target: {fileID: 1698794095551163714, guid: e813b0abce04d46449124a8f0d3eabb0, type: 3}
      propertyPath: m_LocalRotation.w
      value: 1
      objectReference: {fileID: 0}
    - target: {fileID: 1698794095551163714, guid: e813b0abce04d46449124a8f0d3eabb0, type: 3}
      propertyPath: m_LocalRotation.x
      value: -0
      objectReference: {fileID: 0}
    - target: {fileID: 1698794095551163714, guid: e813b0abce04d46449124a8f0d3eabb0, type: 3}
      propertyPath: m_LocalRotation.y
      value: -0
      objectReference: {fileID: 0}
    - target: {fileID: 1698794095551163714, guid: e813b0abce04d46449124a8f0d3eabb0, type: 3}
      propertyPath: m_LocalRotation.z
      value: -0
      objectReference: {fileID: 0}
    - target: {fileID: 1698794095551163714, guid: e813b0abce04d46449124a8f0d3eabb0, type: 3}
      propertyPath: m_LocalEulerAnglesHint.x
      value: 0
      objectReference: {fileID: 0}
    - target: {fileID: 1698794095551163714, guid: e813b0abce04d46449124a8f0d3eabb0, type: 3}
      propertyPath: m_LocalEulerAnglesHint.y
      value: 0
      objectReference: {fileID: 0}
    - target: {fileID: 1698794095551163714, guid: e813b0abce04d46449124a8f0d3eabb0, type: 3}
      propertyPath: m_LocalEulerAnglesHint.z
      value: 0
      objectReference: {fileID: 0}
    - target: {fileID: 1698794095551163715, guid: e813b0abce04d46449124a8f0d3eabb0, type: 3}
      propertyPath: m_Name
      value: ZipEdgePoint (1)
      objectReference: {fileID: 0}
    m_RemovedComponents: []
  m_SourcePrefab: {fileID: 100100000, guid: e813b0abce04d46449124a8f0d3eabb0, type: 3}
--- !u!4 &2776815111919156249 stripped
Transform:
  m_CorrespondingSourceObject: {fileID: 1698794095551163714, guid: e813b0abce04d46449124a8f0d3eabb0, type: 3}
  m_PrefabInstance: {fileID: 3538262070916747611}
  m_PrefabAsset: {fileID: 0}
--- !u!1001 &3877815488367913492
PrefabInstance:
  m_ObjectHideFlags: 0
  serializedVersion: 2
  m_Modification:
    m_TransformParent: {fileID: 4062622523581501707}
    m_Modifications:
    - target: {fileID: 1698794095551163714, guid: e813b0abce04d46449124a8f0d3eabb0, type: 3}
      propertyPath: m_RootOrder
      value: 0
      objectReference: {fileID: 0}
    - target: {fileID: 1698794095551163714, guid: e813b0abce04d46449124a8f0d3eabb0, type: 3}
      propertyPath: m_LocalScale.x
      value: 1.00001
      objectReference: {fileID: 0}
    - target: {fileID: 1698794095551163714, guid: e813b0abce04d46449124a8f0d3eabb0, type: 3}
      propertyPath: m_LocalScale.y
      value: 1.00001
      objectReference: {fileID: 0}
    - target: {fileID: 1698794095551163714, guid: e813b0abce04d46449124a8f0d3eabb0, type: 3}
      propertyPath: m_LocalScale.z
      value: 1.00001
      objectReference: {fileID: 0}
    - target: {fileID: 1698794095551163714, guid: e813b0abce04d46449124a8f0d3eabb0, type: 3}
      propertyPath: m_LocalPosition.x
      value: 10.860108
      objectReference: {fileID: 0}
    - target: {fileID: 1698794095551163714, guid: e813b0abce04d46449124a8f0d3eabb0, type: 3}
      propertyPath: m_LocalPosition.y
      value: 29.817158
      objectReference: {fileID: 0}
    - target: {fileID: 1698794095551163714, guid: e813b0abce04d46449124a8f0d3eabb0, type: 3}
      propertyPath: m_LocalPosition.z
      value: -8.033541
      objectReference: {fileID: 0}
    - target: {fileID: 1698794095551163714, guid: e813b0abce04d46449124a8f0d3eabb0, type: 3}
      propertyPath: m_LocalRotation.w
      value: 1
      objectReference: {fileID: 0}
    - target: {fileID: 1698794095551163714, guid: e813b0abce04d46449124a8f0d3eabb0, type: 3}
      propertyPath: m_LocalRotation.x
      value: -0
      objectReference: {fileID: 0}
    - target: {fileID: 1698794095551163714, guid: e813b0abce04d46449124a8f0d3eabb0, type: 3}
      propertyPath: m_LocalRotation.y
      value: -0
      objectReference: {fileID: 0}
    - target: {fileID: 1698794095551163714, guid: e813b0abce04d46449124a8f0d3eabb0, type: 3}
      propertyPath: m_LocalRotation.z
      value: -0
      objectReference: {fileID: 0}
    - target: {fileID: 1698794095551163714, guid: e813b0abce04d46449124a8f0d3eabb0, type: 3}
      propertyPath: m_LocalEulerAnglesHint.x
      value: 0
      objectReference: {fileID: 0}
    - target: {fileID: 1698794095551163714, guid: e813b0abce04d46449124a8f0d3eabb0, type: 3}
      propertyPath: m_LocalEulerAnglesHint.y
      value: 0
      objectReference: {fileID: 0}
    - target: {fileID: 1698794095551163714, guid: e813b0abce04d46449124a8f0d3eabb0, type: 3}
      propertyPath: m_LocalEulerAnglesHint.z
      value: 0
      objectReference: {fileID: 0}
    - target: {fileID: 1698794095551163715, guid: e813b0abce04d46449124a8f0d3eabb0, type: 3}
      propertyPath: m_Name
      value: ZipEdgePoint (4)
      objectReference: {fileID: 0}
    m_RemovedComponents: []
  m_SourcePrefab: {fileID: 100100000, guid: e813b0abce04d46449124a8f0d3eabb0, type: 3}
--- !u!4 &2468976031482431318 stripped
Transform:
  m_CorrespondingSourceObject: {fileID: 1698794095551163714, guid: e813b0abce04d46449124a8f0d3eabb0, type: 3}
  m_PrefabInstance: {fileID: 3877815488367913492}
  m_PrefabAsset: {fileID: 0}
--- !u!1001 &7310826656999235551
PrefabInstance:
  m_ObjectHideFlags: 0
  serializedVersion: 2
  m_Modification:
    m_TransformParent: {fileID: 6429331348970221661}
    m_Modifications:
    - target: {fileID: 1698794095551163714, guid: e813b0abce04d46449124a8f0d3eabb0, type: 3}
      propertyPath: m_RootOrder
      value: 0
      objectReference: {fileID: 0}
    - target: {fileID: 1698794095551163714, guid: e813b0abce04d46449124a8f0d3eabb0, type: 3}
      propertyPath: m_LocalScale.x
      value: 1.00001
      objectReference: {fileID: 0}
    - target: {fileID: 1698794095551163714, guid: e813b0abce04d46449124a8f0d3eabb0, type: 3}
      propertyPath: m_LocalScale.y
      value: 1.00001
      objectReference: {fileID: 0}
    - target: {fileID: 1698794095551163714, guid: e813b0abce04d46449124a8f0d3eabb0, type: 3}
      propertyPath: m_LocalScale.z
      value: 1.00001
      objectReference: {fileID: 0}
    - target: {fileID: 1698794095551163714, guid: e813b0abce04d46449124a8f0d3eabb0, type: 3}
      propertyPath: m_LocalPosition.x
      value: -26.384485
      objectReference: {fileID: 0}
    - target: {fileID: 1698794095551163714, guid: e813b0abce04d46449124a8f0d3eabb0, type: 3}
      propertyPath: m_LocalPosition.y
      value: 47.642582
      objectReference: {fileID: 0}
    - target: {fileID: 1698794095551163714, guid: e813b0abce04d46449124a8f0d3eabb0, type: 3}
      propertyPath: m_LocalPosition.z
      value: 7.830277
      objectReference: {fileID: 0}
    - target: {fileID: 1698794095551163714, guid: e813b0abce04d46449124a8f0d3eabb0, type: 3}
      propertyPath: m_LocalRotation.w
      value: 1
      objectReference: {fileID: 0}
    - target: {fileID: 1698794095551163714, guid: e813b0abce04d46449124a8f0d3eabb0, type: 3}
      propertyPath: m_LocalRotation.x
      value: -0
      objectReference: {fileID: 0}
    - target: {fileID: 1698794095551163714, guid: e813b0abce04d46449124a8f0d3eabb0, type: 3}
      propertyPath: m_LocalRotation.y
      value: -0
      objectReference: {fileID: 0}
    - target: {fileID: 1698794095551163714, guid: e813b0abce04d46449124a8f0d3eabb0, type: 3}
      propertyPath: m_LocalRotation.z
      value: -0
      objectReference: {fileID: 0}
    - target: {fileID: 1698794095551163714, guid: e813b0abce04d46449124a8f0d3eabb0, type: 3}
      propertyPath: m_LocalEulerAnglesHint.x
      value: 0
      objectReference: {fileID: 0}
    - target: {fileID: 1698794095551163714, guid: e813b0abce04d46449124a8f0d3eabb0, type: 3}
      propertyPath: m_LocalEulerAnglesHint.y
      value: 0
      objectReference: {fileID: 0}
    - target: {fileID: 1698794095551163714, guid: e813b0abce04d46449124a8f0d3eabb0, type: 3}
      propertyPath: m_LocalEulerAnglesHint.z
      value: 0
      objectReference: {fileID: 0}
    - target: {fileID: 1698794095551163715, guid: e813b0abce04d46449124a8f0d3eabb0, type: 3}
      propertyPath: m_Name
      value: ZipEdgePoint
      objectReference: {fileID: 0}
    m_RemovedComponents: []
  m_SourcePrefab: {fileID: 100100000, guid: e813b0abce04d46449124a8f0d3eabb0, type: 3}
--- !u!4 &8279324921587233437 stripped
Transform:
  m_CorrespondingSourceObject: {fileID: 1698794095551163714, guid: e813b0abce04d46449124a8f0d3eabb0, type: 3}
  m_PrefabInstance: {fileID: 7310826656999235551}
  m_PrefabAsset: {fileID: 0}
--- !u!1001 &7438374497969181678
PrefabInstance:
  m_ObjectHideFlags: 0
  serializedVersion: 2
  m_Modification:
    m_TransformParent: {fileID: 4062622523581501707}
    m_Modifications:
    - target: {fileID: 1698794095551163714, guid: e813b0abce04d46449124a8f0d3eabb0, type: 3}
      propertyPath: m_RootOrder
      value: 1
      objectReference: {fileID: 0}
    - target: {fileID: 1698794095551163714, guid: e813b0abce04d46449124a8f0d3eabb0, type: 3}
      propertyPath: m_LocalScale.x
      value: 1.00001
      objectReference: {fileID: 0}
    - target: {fileID: 1698794095551163714, guid: e813b0abce04d46449124a8f0d3eabb0, type: 3}
      propertyPath: m_LocalScale.y
      value: 1.00001
      objectReference: {fileID: 0}
    - target: {fileID: 1698794095551163714, guid: e813b0abce04d46449124a8f0d3eabb0, type: 3}
      propertyPath: m_LocalScale.z
      value: 1.00001
      objectReference: {fileID: 0}
    - target: {fileID: 1698794095551163714, guid: e813b0abce04d46449124a8f0d3eabb0, type: 3}
      propertyPath: m_LocalPosition.x
      value: 26.820269
      objectReference: {fileID: 0}
    - target: {fileID: 1698794095551163714, guid: e813b0abce04d46449124a8f0d3eabb0, type: 3}
      propertyPath: m_LocalPosition.y
      value: 29.817158
      objectReference: {fileID: 0}
    - target: {fileID: 1698794095551163714, guid: e813b0abce04d46449124a8f0d3eabb0, type: 3}
      propertyPath: m_LocalPosition.z
      value: -8.033541
      objectReference: {fileID: 0}
    - target: {fileID: 1698794095551163714, guid: e813b0abce04d46449124a8f0d3eabb0, type: 3}
      propertyPath: m_LocalRotation.w
      value: 1
      objectReference: {fileID: 0}
    - target: {fileID: 1698794095551163714, guid: e813b0abce04d46449124a8f0d3eabb0, type: 3}
      propertyPath: m_LocalRotation.x
      value: -0
      objectReference: {fileID: 0}
    - target: {fileID: 1698794095551163714, guid: e813b0abce04d46449124a8f0d3eabb0, type: 3}
      propertyPath: m_LocalRotation.y
      value: -0
      objectReference: {fileID: 0}
    - target: {fileID: 1698794095551163714, guid: e813b0abce04d46449124a8f0d3eabb0, type: 3}
      propertyPath: m_LocalRotation.z
      value: -0
      objectReference: {fileID: 0}
    - target: {fileID: 1698794095551163714, guid: e813b0abce04d46449124a8f0d3eabb0, type: 3}
      propertyPath: m_LocalEulerAnglesHint.x
      value: 0
      objectReference: {fileID: 0}
    - target: {fileID: 1698794095551163714, guid: e813b0abce04d46449124a8f0d3eabb0, type: 3}
      propertyPath: m_LocalEulerAnglesHint.y
      value: 0
      objectReference: {fileID: 0}
    - target: {fileID: 1698794095551163714, guid: e813b0abce04d46449124a8f0d3eabb0, type: 3}
      propertyPath: m_LocalEulerAnglesHint.z
      value: 0
      objectReference: {fileID: 0}
    - target: {fileID: 1698794095551163715, guid: e813b0abce04d46449124a8f0d3eabb0, type: 3}
      propertyPath: m_Name
      value: ZipEdgePoint (5)
      objectReference: {fileID: 0}
    m_RemovedComponents: []
  m_SourcePrefab: {fileID: 100100000, guid: e813b0abce04d46449124a8f0d3eabb0, type: 3}
--- !u!4 &8118088010246700716 stripped
Transform:
  m_CorrespondingSourceObject: {fileID: 1698794095551163714, guid: e813b0abce04d46449124a8f0d3eabb0, type: 3}
  m_PrefabInstance: {fileID: 7438374497969181678}
  m_PrefabAsset: {fileID: 0}
--- !u!1001 &8651785316232721801
PrefabInstance:
  m_ObjectHideFlags: 0
  serializedVersion: 2
  m_Modification:
    m_TransformParent: {fileID: 4062622523581501707}
    m_Modifications:
    - target: {fileID: 1698794095551163714, guid: e813b0abce04d46449124a8f0d3eabb0, type: 3}
      propertyPath: m_RootOrder
      value: 2
      objectReference: {fileID: 0}
    - target: {fileID: 1698794095551163714, guid: e813b0abce04d46449124a8f0d3eabb0, type: 3}
      propertyPath: m_LocalScale.x
      value: 1.00001
      objectReference: {fileID: 0}
    - target: {fileID: 1698794095551163714, guid: e813b0abce04d46449124a8f0d3eabb0, type: 3}
      propertyPath: m_LocalScale.y
      value: 1.00001
      objectReference: {fileID: 0}
    - target: {fileID: 1698794095551163714, guid: e813b0abce04d46449124a8f0d3eabb0, type: 3}
      propertyPath: m_LocalScale.z
      value: 1.00001
      objectReference: {fileID: 0}
    - target: {fileID: 1698794095551163714, guid: e813b0abce04d46449124a8f0d3eabb0, type: 3}
      propertyPath: m_LocalPosition.x
      value: 26.820269
      objectReference: {fileID: 0}
    - target: {fileID: 1698794095551163714, guid: e813b0abce04d46449124a8f0d3eabb0, type: 3}
      propertyPath: m_LocalPosition.y
      value: 29.817158
      objectReference: {fileID: 0}
    - target: {fileID: 1698794095551163714, guid: e813b0abce04d46449124a8f0d3eabb0, type: 3}
      propertyPath: m_LocalPosition.z
      value: 7.9500794
      objectReference: {fileID: 0}
    - target: {fileID: 1698794095551163714, guid: e813b0abce04d46449124a8f0d3eabb0, type: 3}
      propertyPath: m_LocalRotation.w
      value: 1
      objectReference: {fileID: 0}
    - target: {fileID: 1698794095551163714, guid: e813b0abce04d46449124a8f0d3eabb0, type: 3}
      propertyPath: m_LocalRotation.x
      value: -0
      objectReference: {fileID: 0}
    - target: {fileID: 1698794095551163714, guid: e813b0abce04d46449124a8f0d3eabb0, type: 3}
      propertyPath: m_LocalRotation.y
      value: -0
      objectReference: {fileID: 0}
    - target: {fileID: 1698794095551163714, guid: e813b0abce04d46449124a8f0d3eabb0, type: 3}
      propertyPath: m_LocalRotation.z
      value: -0
      objectReference: {fileID: 0}
    - target: {fileID: 1698794095551163714, guid: e813b0abce04d46449124a8f0d3eabb0, type: 3}
      propertyPath: m_LocalEulerAnglesHint.x
      value: 0
      objectReference: {fileID: 0}
    - target: {fileID: 1698794095551163714, guid: e813b0abce04d46449124a8f0d3eabb0, type: 3}
      propertyPath: m_LocalEulerAnglesHint.y
      value: 0
      objectReference: {fileID: 0}
    - target: {fileID: 1698794095551163714, guid: e813b0abce04d46449124a8f0d3eabb0, type: 3}
      propertyPath: m_LocalEulerAnglesHint.z
      value: 0
      objectReference: {fileID: 0}
    - target: {fileID: 1698794095551163715, guid: e813b0abce04d46449124a8f0d3eabb0, type: 3}
      propertyPath: m_Name
      value: ZipEdgePoint (6)
      objectReference: {fileID: 0}
    m_RemovedComponents: []
  m_SourcePrefab: {fileID: 100100000, guid: e813b0abce04d46449124a8f0d3eabb0, type: 3}
--- !u!4 &8034990033979463883 stripped
Transform:
  m_CorrespondingSourceObject: {fileID: 1698794095551163714, guid: e813b0abce04d46449124a8f0d3eabb0, type: 3}
  m_PrefabInstance: {fileID: 8651785316232721801}
  m_PrefabAsset: {fileID: 0}
