%YAML 1.1
%TAG !u! tag:unity3d.com,2011:
--- !u!1 &1916314861700377978
GameObject:
  m_ObjectHideFlags: 0
  m_CorrespondingSourceObject: {fileID: 0}
  m_PrefabInstance: {fileID: 0}
  m_PrefabAsset: {fileID: 0}
  serializedVersion: 6
  m_Component:
  - component: {fileID: 6021099916025796233}
  - component: {fileID: 3239009832796276105}
  m_Layer: 12
  m_Name: House_GP
  m_TagString: Untagged
  m_Icon: {fileID: 0}
  m_NavMeshLayer: 0
  m_StaticEditorFlags: 5
  m_IsActive: 1
--- !u!4 &6021099916025796233
Transform:
  m_ObjectHideFlags: 0
  m_CorrespondingSourceObject: {fileID: 0}
  m_PrefabInstance: {fileID: 0}
  m_PrefabAsset: {fileID: 0}
  m_GameObject: {fileID: 1916314861700377978}
  m_LocalRotation: {x: 0, y: 0, z: 0, w: 1}
  m_LocalPosition: {x: 0, y: 0, z: 0}
  m_LocalScale: {x: 1, y: 1, z: 1}
  m_ConstrainProportionsScale: 0
  m_Children:
  - {fileID: 925619286854807302}
  - {fileID: 1207650275238233057}
  m_Father: {fileID: 0}
  m_RootOrder: 0
  m_LocalEulerAnglesHint: {x: 0, y: 0, z: 0}
--- !u!205 &3239009832796276105
LODGroup:
  m_ObjectHideFlags: 0
  m_CorrespondingSourceObject: {fileID: 0}
  m_PrefabInstance: {fileID: 0}
  m_PrefabAsset: {fileID: 0}
  m_GameObject: {fileID: 1916314861700377978}
  serializedVersion: 2
  m_LocalReferencePoint: {x: 0.000030517578, y: 19.065233, z: 0}
  m_Size: 40.130993
  m_FadeMode: 0
  m_AnimateCrossFading: 0
  m_LastLODIsBillboard: 0
  m_LODs:
  - screenRelativeHeight: 0.2
    fadeTransitionWidth: 0.5
    renderers:
    - renderer: {fileID: 5832792553712843625}
  - screenRelativeHeight: 0.02
    fadeTransitionWidth: 0.1
    renderers:
    - renderer: {fileID: 601349137402781864}
  m_Enabled: 1
--- !u!1 &3222183261407354413
GameObject:
  m_ObjectHideFlags: 0
  m_CorrespondingSourceObject: {fileID: 0}
  m_PrefabInstance: {fileID: 0}
  m_PrefabAsset: {fileID: 0}
  serializedVersion: 6
  m_Component:
  - component: {fileID: 925619286854807302}
  - component: {fileID: 2986704192118167317}
  - component: {fileID: 5832792553712843625}
  m_Layer: 12
  m_Name: House_GP
  m_TagString: Untagged
  m_Icon: {fileID: 0}
  m_NavMeshLayer: 0
  m_StaticEditorFlags: 5
  m_IsActive: 1
--- !u!4 &925619286854807302
Transform:
  m_ObjectHideFlags: 0
  m_CorrespondingSourceObject: {fileID: 0}
  m_PrefabInstance: {fileID: 0}
  m_PrefabAsset: {fileID: 0}
  m_GameObject: {fileID: 3222183261407354413}
  m_LocalRotation: {x: -0, y: -0, z: -0, w: 1}
  m_LocalPosition: {x: 0, y: 0, z: 0}
  m_LocalScale: {x: 1, y: 1, z: 1}
  m_ConstrainProportionsScale: 0
  m_Children: []
  m_Father: {fileID: 6021099916025796233}
  m_RootOrder: 0
  m_LocalEulerAnglesHint: {x: 0, y: 0, z: 0}
--- !u!33 &2986704192118167317
MeshFilter:
  m_ObjectHideFlags: 0
  m_CorrespondingSourceObject: {fileID: 0}
  m_PrefabInstance: {fileID: 0}
  m_PrefabAsset: {fileID: 0}
  m_GameObject: {fileID: 3222183261407354413}
  m_Mesh: {fileID: -1370569234490452330, guid: 33ea1b342a51c154c8eadd22fcc5bae5, type: 3}
--- !u!23 &5832792553712843625
MeshRenderer:
  m_ObjectHideFlags: 0
  m_CorrespondingSourceObject: {fileID: 0}
  m_PrefabInstance: {fileID: 0}
  m_PrefabAsset: {fileID: 0}
  m_GameObject: {fileID: 3222183261407354413}
  m_Enabled: 1
  m_CastShadows: 1
  m_ReceiveShadows: 1
  m_DynamicOccludee: 1
  m_StaticShadowCaster: 0
  m_MotionVectors: 1
  m_LightProbeUsage: 0
  m_ReflectionProbeUsage: 0
  m_RayTracingMode: 2
  m_RayTraceProcedural: 0
  m_RenderingLayerMask: 1
  m_RendererPriority: 0
  m_Materials:
  - {fileID: 2100000, guid: 102de4a8dab625c4095e70482f8de85c, type: 2}
  - {fileID: 2100000, guid: 54a5c2c30ab7aea4f94c2c129fb8d038, type: 2}
  m_StaticBatchInfo:
    firstSubMesh: 0
    subMeshCount: 0
  m_StaticBatchRoot: {fileID: 0}
  m_ProbeAnchor: {fileID: 0}
  m_LightProbeVolumeOverride: {fileID: 0}
  m_ScaleInLightmap: 1
  m_ReceiveGI: 1
  m_PreserveUVs: 0
  m_IgnoreNormalsForChartDetection: 0
  m_ImportantGI: 0
  m_StitchLightmapSeams: 1
  m_SelectedEditorRenderState: 3
  m_MinimumChartSize: 4
  m_AutoUVMaxDistance: 0.5
  m_AutoUVMaxAngle: 89
  m_LightmapParameters: {fileID: 0}
  m_SortingLayerID: 0
  m_SortingLayer: 0
  m_SortingOrder: 0
  m_AdditionalVertexStreams: {fileID: 0}
--- !u!1 &5409392288026469292
GameObject:
  m_ObjectHideFlags: 0
  m_CorrespondingSourceObject: {fileID: 0}
  m_PrefabInstance: {fileID: 0}
  m_PrefabAsset: {fileID: 0}
  serializedVersion: 6
  m_Component:
  - component: {fileID: 1207650275238233057}
  - component: {fileID: 4944396566805360281}
  - component: {fileID: 601349137402781864}
  - component: {fileID: 3865736616829145199}
  - component: {fileID: 6622138427748927408}
  m_Layer: 12
  m_Name: House_GP_LOD
  m_TagString: Untagged
  m_Icon: {fileID: 0}
  m_NavMeshLayer: 0
  m_StaticEditorFlags: 5
  m_IsActive: 1
--- !u!4 &1207650275238233057
Transform:
  m_ObjectHideFlags: 0
  m_CorrespondingSourceObject: {fileID: 0}
  m_PrefabInstance: {fileID: 0}
  m_PrefabAsset: {fileID: 0}
  m_GameObject: {fileID: 5409392288026469292}
  m_LocalRotation: {x: -0, y: -0, z: -0, w: 1}
  m_LocalPosition: {x: 0, y: 0, z: 0}
  m_LocalScale: {x: 0.9999, y: 0.9999, z: 0.9999}
  m_ConstrainProportionsScale: 0
  m_Children:
  - {fileID: 1418696578272225234}
  - {fileID: 174822748390787167}
  - {fileID: 8258319608425995488}
  - {fileID: 5685644909506710028}
  m_Father: {fileID: 6021099916025796233}
  m_RootOrder: 1
  m_LocalEulerAnglesHint: {x: 0, y: 0, z: 0}
--- !u!33 &4944396566805360281
MeshFilter:
  m_ObjectHideFlags: 0
  m_CorrespondingSourceObject: {fileID: 0}
  m_PrefabInstance: {fileID: 0}
  m_PrefabAsset: {fileID: 0}
  m_GameObject: {fileID: 5409392288026469292}
  m_Mesh: {fileID: 4259860127818490581, guid: 33ea1b342a51c154c8eadd22fcc5bae5, type: 3}
--- !u!23 &601349137402781864
MeshRenderer:
  m_ObjectHideFlags: 0
  m_CorrespondingSourceObject: {fileID: 0}
  m_PrefabInstance: {fileID: 0}
  m_PrefabAsset: {fileID: 0}
  m_GameObject: {fileID: 5409392288026469292}
  m_Enabled: 1
  m_CastShadows: 1
  m_ReceiveShadows: 1
  m_DynamicOccludee: 1
  m_StaticShadowCaster: 0
  m_MotionVectors: 1
  m_LightProbeUsage: 0
  m_ReflectionProbeUsage: 0
  m_RayTracingMode: 2
  m_RayTraceProcedural: 0
  m_RenderingLayerMask: 1
  m_RendererPriority: 0
  m_Materials:
  - {fileID: 2100000, guid: 426c2cbfd7ee50b44ac414619f440fe1, type: 2}
  m_StaticBatchInfo:
    firstSubMesh: 0
    subMeshCount: 0
  m_StaticBatchRoot: {fileID: 0}
  m_ProbeAnchor: {fileID: 0}
  m_LightProbeVolumeOverride: {fileID: 0}
  m_ScaleInLightmap: 1
  m_ReceiveGI: 1
  m_PreserveUVs: 0
  m_IgnoreNormalsForChartDetection: 0
  m_ImportantGI: 0
  m_StitchLightmapSeams: 1
  m_SelectedEditorRenderState: 3
  m_MinimumChartSize: 4
  m_AutoUVMaxDistance: 0.5
  m_AutoUVMaxAngle: 89
  m_LightmapParameters: {fileID: 0}
  m_SortingLayerID: 0
  m_SortingLayer: 0
  m_SortingOrder: 0
  m_AdditionalVertexStreams: {fileID: 0}
--- !u!64 &3865736616829145199
MeshCollider:
  m_ObjectHideFlags: 0
  m_CorrespondingSourceObject: {fileID: 0}
  m_PrefabInstance: {fileID: 0}
  m_PrefabAsset: {fileID: 0}
  m_GameObject: {fileID: 5409392288026469292}
  m_Material: {fileID: 0}
  m_IsTrigger: 0
  m_Enabled: 1
  serializedVersion: 4
  m_Convex: 0
  m_CookingOptions: 30
  m_Mesh: {fileID: 4259860127818490581, guid: 33ea1b342a51c154c8eadd22fcc5bae5, type: 3}
--- !u!114 &6622138427748927408
MonoBehaviour:
  m_ObjectHideFlags: 0
  m_CorrespondingSourceObject: {fileID: 0}
  m_PrefabInstance: {fileID: 0}
  m_PrefabAsset: {fileID: 0}
  m_GameObject: {fileID: 5409392288026469292}
  m_Enabled: 1
  m_EditorHideFlags: 0
  m_Script: {fileID: 11500000, guid: 20a8c0ffd23bc3243b3f42ce6d01ba77, type: 3}
  m_Name: 
  m_EditorClassIdentifier: 
  isRound: 1
  isMaster: 0
  edges:
  - pointA: {fileID: 1418696578272225234}
    pointB: {fileID: 174822748390787167}
  - pointA: {fileID: 174822748390787167}
    pointB: {fileID: 8258319608425995488}
  - pointA: {fileID: 8258319608425995488}
    pointB: {fileID: 5685644909506710028}
  - pointA: {fileID: 5685644909506710028}
    pointB: {fileID: 1418696578272225234}
--- !u!1001 &298202120977500816
PrefabInstance:
  m_ObjectHideFlags: 0
  serializedVersion: 2
  m_Modification:
    m_TransformParent: {fileID: 1207650275238233057}
    m_Modifications:
    - target: {fileID: 1698794095551163714, guid: e813b0abce04d46449124a8f0d3eabb0, type: 3}
      propertyPath: m_RootOrder
      value: 0
      objectReference: {fileID: 0}
    - target: {fileID: 1698794095551163714, guid: e813b0abce04d46449124a8f0d3eabb0, type: 3}
      propertyPath: m_LocalScale.x
      value: 1.0001
      objectReference: {fileID: 0}
    - target: {fileID: 1698794095551163714, guid: e813b0abce04d46449124a8f0d3eabb0, type: 3}
      propertyPath: m_LocalScale.y
      value: 1.0001
      objectReference: {fileID: 0}
    - target: {fileID: 1698794095551163714, guid: e813b0abce04d46449124a8f0d3eabb0, type: 3}
      propertyPath: m_LocalScale.z
      value: 1.0001
      objectReference: {fileID: 0}
    - target: {fileID: 1698794095551163714, guid: e813b0abce04d46449124a8f0d3eabb0, type: 3}
      propertyPath: m_LocalPosition.x
      value: -19.332813
      objectReference: {fileID: 0}
    - target: {fileID: 1698794095551163714, guid: e813b0abce04d46449124a8f0d3eabb0, type: 3}
      propertyPath: m_LocalPosition.y
      value: 38.2077
      objectReference: {fileID: 0}
    - target: {fileID: 1698794095551163714, guid: e813b0abce04d46449124a8f0d3eabb0, type: 3}
      propertyPath: m_LocalPosition.z
      value: 12.582456
      objectReference: {fileID: 0}
    - target: {fileID: 1698794095551163714, guid: e813b0abce04d46449124a8f0d3eabb0, type: 3}
      propertyPath: m_LocalRotation.w
      value: 1
      objectReference: {fileID: 0}
    - target: {fileID: 1698794095551163714, guid: e813b0abce04d46449124a8f0d3eabb0, type: 3}
      propertyPath: m_LocalRotation.x
      value: -0
      objectReference: {fileID: 0}
    - target: {fileID: 1698794095551163714, guid: e813b0abce04d46449124a8f0d3eabb0, type: 3}
      propertyPath: m_LocalRotation.y
      value: -0
      objectReference: {fileID: 0}
    - target: {fileID: 1698794095551163714, guid: e813b0abce04d46449124a8f0d3eabb0, type: 3}
      propertyPath: m_LocalRotation.z
      value: -0
      objectReference: {fileID: 0}
    - target: {fileID: 1698794095551163714, guid: e813b0abce04d46449124a8f0d3eabb0, type: 3}
      propertyPath: m_LocalEulerAnglesHint.x
      value: 0
      objectReference: {fileID: 0}
    - target: {fileID: 1698794095551163714, guid: e813b0abce04d46449124a8f0d3eabb0, type: 3}
      propertyPath: m_LocalEulerAnglesHint.y
      value: 0
      objectReference: {fileID: 0}
    - target: {fileID: 1698794095551163714, guid: e813b0abce04d46449124a8f0d3eabb0, type: 3}
      propertyPath: m_LocalEulerAnglesHint.z
      value: 0
      objectReference: {fileID: 0}
    - target: {fileID: 1698794095551163715, guid: e813b0abce04d46449124a8f0d3eabb0, type: 3}
      propertyPath: m_Name
      value: ZipEdgePoint
      objectReference: {fileID: 0}
    m_RemovedComponents: []
  m_SourcePrefab: {fileID: 100100000, guid: e813b0abce04d46449124a8f0d3eabb0, type: 3}
--- !u!4 &1418696578272225234 stripped
Transform:
  m_CorrespondingSourceObject: {fileID: 1698794095551163714, guid: e813b0abce04d46449124a8f0d3eabb0, type: 3}
  m_PrefabInstance: {fileID: 298202120977500816}
  m_PrefabAsset: {fileID: 0}
--- !u!1001 &1584788127294563613
PrefabInstance:
  m_ObjectHideFlags: 0
  serializedVersion: 2
  m_Modification:
    m_TransformParent: {fileID: 1207650275238233057}
    m_Modifications:
    - target: {fileID: 1698794095551163714, guid: e813b0abce04d46449124a8f0d3eabb0, type: 3}
      propertyPath: m_RootOrder
      value: 1
      objectReference: {fileID: 0}
    - target: {fileID: 1698794095551163714, guid: e813b0abce04d46449124a8f0d3eabb0, type: 3}
      propertyPath: m_LocalScale.x
      value: 1.0001
      objectReference: {fileID: 0}
    - target: {fileID: 1698794095551163714, guid: e813b0abce04d46449124a8f0d3eabb0, type: 3}
      propertyPath: m_LocalScale.y
      value: 1.0001
      objectReference: {fileID: 0}
    - target: {fileID: 1698794095551163714, guid: e813b0abce04d46449124a8f0d3eabb0, type: 3}
      propertyPath: m_LocalScale.z
      value: 1.0001
      objectReference: {fileID: 0}
    - target: {fileID: 1698794095551163714, guid: e813b0abce04d46449124a8f0d3eabb0, type: 3}
      propertyPath: m_LocalPosition.x
      value: -19.320047
      objectReference: {fileID: 0}
    - target: {fileID: 1698794095551163714, guid: e813b0abce04d46449124a8f0d3eabb0, type: 3}
      propertyPath: m_LocalPosition.y
      value: 38.207695
      objectReference: {fileID: 0}
    - target: {fileID: 1698794095551163714, guid: e813b0abce04d46449124a8f0d3eabb0, type: 3}
      propertyPath: m_LocalPosition.z
      value: -12.508034
      objectReference: {fileID: 0}
    - target: {fileID: 1698794095551163714, guid: e813b0abce04d46449124a8f0d3eabb0, type: 3}
      propertyPath: m_LocalRotation.w
      value: 1
      objectReference: {fileID: 0}
    - target: {fileID: 1698794095551163714, guid: e813b0abce04d46449124a8f0d3eabb0, type: 3}
      propertyPath: m_LocalRotation.x
      value: -0
      objectReference: {fileID: 0}
    - target: {fileID: 1698794095551163714, guid: e813b0abce04d46449124a8f0d3eabb0, type: 3}
      propertyPath: m_LocalRotation.y
      value: -0
      objectReference: {fileID: 0}
    - target: {fileID: 1698794095551163714, guid: e813b0abce04d46449124a8f0d3eabb0, type: 3}
      propertyPath: m_LocalRotation.z
      value: -0
      objectReference: {fileID: 0}
    - target: {fileID: 1698794095551163714, guid: e813b0abce04d46449124a8f0d3eabb0, type: 3}
      propertyPath: m_LocalEulerAnglesHint.x
      value: 0
      objectReference: {fileID: 0}
    - target: {fileID: 1698794095551163714, guid: e813b0abce04d46449124a8f0d3eabb0, type: 3}
      propertyPath: m_LocalEulerAnglesHint.y
      value: 0
      objectReference: {fileID: 0}
    - target: {fileID: 1698794095551163714, guid: e813b0abce04d46449124a8f0d3eabb0, type: 3}
      propertyPath: m_LocalEulerAnglesHint.z
      value: 0
      objectReference: {fileID: 0}
    - target: {fileID: 1698794095551163715, guid: e813b0abce04d46449124a8f0d3eabb0, type: 3}
      propertyPath: m_Name
      value: ZipEdgePoint (1)
      objectReference: {fileID: 0}
    m_RemovedComponents: []
  m_SourcePrefab: {fileID: 100100000, guid: e813b0abce04d46449124a8f0d3eabb0, type: 3}
--- !u!4 &174822748390787167 stripped
Transform:
  m_CorrespondingSourceObject: {fileID: 1698794095551163714, guid: e813b0abce04d46449124a8f0d3eabb0, type: 3}
  m_PrefabInstance: {fileID: 1584788127294563613}
  m_PrefabAsset: {fileID: 0}
--- !u!1001 &6445816349074417486
PrefabInstance:
  m_ObjectHideFlags: 0
  serializedVersion: 2
  m_Modification:
    m_TransformParent: {fileID: 1207650275238233057}
    m_Modifications:
    - target: {fileID: 1698794095551163714, guid: e813b0abce04d46449124a8f0d3eabb0, type: 3}
      propertyPath: m_RootOrder
      value: 3
      objectReference: {fileID: 0}
    - target: {fileID: 1698794095551163714, guid: e813b0abce04d46449124a8f0d3eabb0, type: 3}
      propertyPath: m_LocalScale.x
      value: 1.0001
      objectReference: {fileID: 0}
    - target: {fileID: 1698794095551163714, guid: e813b0abce04d46449124a8f0d3eabb0, type: 3}
      propertyPath: m_LocalScale.y
      value: 1.0001
      objectReference: {fileID: 0}
    - target: {fileID: 1698794095551163714, guid: e813b0abce04d46449124a8f0d3eabb0, type: 3}
      propertyPath: m_LocalScale.z
      value: 1.0001
      objectReference: {fileID: 0}
    - target: {fileID: 1698794095551163714, guid: e813b0abce04d46449124a8f0d3eabb0, type: 3}
      propertyPath: m_LocalPosition.x
      value: 19.397093
      objectReference: {fileID: 0}
    - target: {fileID: 1698794095551163714, guid: e813b0abce04d46449124a8f0d3eabb0, type: 3}
      propertyPath: m_LocalPosition.y
      value: 38.207703
      objectReference: {fileID: 0}
    - target: {fileID: 1698794095551163714, guid: e813b0abce04d46449124a8f0d3eabb0, type: 3}
      propertyPath: m_LocalPosition.z
      value: 12.613754
      objectReference: {fileID: 0}
    - target: {fileID: 1698794095551163714, guid: e813b0abce04d46449124a8f0d3eabb0, type: 3}
      propertyPath: m_LocalRotation.w
      value: 1
      objectReference: {fileID: 0}
    - target: {fileID: 1698794095551163714, guid: e813b0abce04d46449124a8f0d3eabb0, type: 3}
      propertyPath: m_LocalRotation.x
      value: -0
      objectReference: {fileID: 0}
    - target: {fileID: 1698794095551163714, guid: e813b0abce04d46449124a8f0d3eabb0, type: 3}
      propertyPath: m_LocalRotation.y
      value: -0
      objectReference: {fileID: 0}
    - target: {fileID: 1698794095551163714, guid: e813b0abce04d46449124a8f0d3eabb0, type: 3}
      propertyPath: m_LocalRotation.z
      value: -0
      objectReference: {fileID: 0}
    - target: {fileID: 1698794095551163714, guid: e813b0abce04d46449124a8f0d3eabb0, type: 3}
      propertyPath: m_LocalEulerAnglesHint.x
      value: 0
      objectReference: {fileID: 0}
    - target: {fileID: 1698794095551163714, guid: e813b0abce04d46449124a8f0d3eabb0, type: 3}
      propertyPath: m_LocalEulerAnglesHint.y
      value: 0
      objectReference: {fileID: 0}
    - target: {fileID: 1698794095551163714, guid: e813b0abce04d46449124a8f0d3eabb0, type: 3}
      propertyPath: m_LocalEulerAnglesHint.z
      value: 0
      objectReference: {fileID: 0}
    - target: {fileID: 1698794095551163715, guid: e813b0abce04d46449124a8f0d3eabb0, type: 3}
      propertyPath: m_Name
      value: ZipEdgePoint (3)
      objectReference: {fileID: 0}
    m_RemovedComponents: []
  m_SourcePrefab: {fileID: 100100000, guid: e813b0abce04d46449124a8f0d3eabb0, type: 3}
--- !u!4 &5685644909506710028 stripped
Transform:
  m_CorrespondingSourceObject: {fileID: 1698794095551163714, guid: e813b0abce04d46449124a8f0d3eabb0, type: 3}
  m_PrefabInstance: {fileID: 6445816349074417486}
  m_PrefabAsset: {fileID: 0}
--- !u!1001 &7280110404569952674
PrefabInstance:
  m_ObjectHideFlags: 0
  serializedVersion: 2
  m_Modification:
    m_TransformParent: {fileID: 1207650275238233057}
    m_Modifications:
    - target: {fileID: 1698794095551163714, guid: e813b0abce04d46449124a8f0d3eabb0, type: 3}
      propertyPath: m_RootOrder
      value: 2
      objectReference: {fileID: 0}
    - target: {fileID: 1698794095551163714, guid: e813b0abce04d46449124a8f0d3eabb0, type: 3}
      propertyPath: m_LocalScale.x
      value: 1.0001
      objectReference: {fileID: 0}
    - target: {fileID: 1698794095551163714, guid: e813b0abce04d46449124a8f0d3eabb0, type: 3}
      propertyPath: m_LocalScale.y
      value: 1.0001
      objectReference: {fileID: 0}
    - target: {fileID: 1698794095551163714, guid: e813b0abce04d46449124a8f0d3eabb0, type: 3}
      propertyPath: m_LocalScale.z
      value: 1.0001
      objectReference: {fileID: 0}
    - target: {fileID: 1698794095551163714, guid: e813b0abce04d46449124a8f0d3eabb0, type: 3}
      propertyPath: m_LocalPosition.x
      value: 19.162443
      objectReference: {fileID: 0}
    - target: {fileID: 1698794095551163714, guid: e813b0abce04d46449124a8f0d3eabb0, type: 3}
      propertyPath: m_LocalPosition.y
      value: 38.20769
      objectReference: {fileID: 0}
    - target: {fileID: 1698794095551163714, guid: e813b0abce04d46449124a8f0d3eabb0, type: 3}
      propertyPath: m_LocalPosition.z
      value: -12.796664
      objectReference: {fileID: 0}
    - target: {fileID: 1698794095551163714, guid: e813b0abce04d46449124a8f0d3eabb0, type: 3}
      propertyPath: m_LocalRotation.w
      value: 1
      objectReference: {fileID: 0}
    - target: {fileID: 1698794095551163714, guid: e813b0abce04d46449124a8f0d3eabb0, type: 3}
      propertyPath: m_LocalRotation.x
      value: -0
      objectReference: {fileID: 0}
    - target: {fileID: 1698794095551163714, guid: e813b0abce04d46449124a8f0d3eabb0, type: 3}
      propertyPath: m_LocalRotation.y
      value: -0
      objectReference: {fileID: 0}
    - target: {fileID: 1698794095551163714, guid: e813b0abce04d46449124a8f0d3eabb0, type: 3}
      propertyPath: m_LocalRotation.z
      value: -0
      objectReference: {fileID: 0}
    - target: {fileID: 1698794095551163714, guid: e813b0abce04d46449124a8f0d3eabb0, type: 3}
      propertyPath: m_LocalEulerAnglesHint.x
      value: 0
      objectReference: {fileID: 0}
    - target: {fileID: 1698794095551163714, guid: e813b0abce04d46449124a8f0d3eabb0, type: 3}
      propertyPath: m_LocalEulerAnglesHint.y
      value: 0
      objectReference: {fileID: 0}
    - target: {fileID: 1698794095551163714, guid: e813b0abce04d46449124a8f0d3eabb0, type: 3}
      propertyPath: m_LocalEulerAnglesHint.z
      value: 0
      objectReference: {fileID: 0}
    - target: {fileID: 1698794095551163715, guid: e813b0abce04d46449124a8f0d3eabb0, type: 3}
      propertyPath: m_Name
      value: ZipEdgePoint (2)
      objectReference: {fileID: 0}
    m_RemovedComponents: []
  m_SourcePrefab: {fileID: 100100000, guid: e813b0abce04d46449124a8f0d3eabb0, type: 3}
--- !u!4 &8258319608425995488 stripped
Transform:
  m_CorrespondingSourceObject: {fileID: 1698794095551163714, guid: e813b0abce04d46449124a8f0d3eabb0, type: 3}
  m_PrefabInstance: {fileID: 7280110404569952674}
  m_PrefabAsset: {fileID: 0}
